2128 2668
986 240 1197 294 -L-
1864 195 2015 313 Q

181 342 341 373 lectiones
371 353 435 373 non
465 343 653 373 commodas
677 352 914 382 saepenumero
938 344 1011 373 sine
1035 354 1145 374 eorum
1169 346 1362 375 auctoritate
1388 356 1450 375 non
1482 349 1634 372 moveant
1664 349 1695 372 et
1729 353 1861 381 prorsus
1885 355 1980 383 repu-

183 385 298 423 diatis,
328 396 408 424 quae
432 384 508 415 libri
533 385 706 414 deterioris
733 392 828 414 notae
863 385 1043 416 exhibeant
1068 393 1123 415 aut
1153 385 1288 417 meliora
1318 394 1371 417 aut
1396 389 1538 426 aptiora,
1565 391 1694 423 propter
1718 387 1977 424 superstitiosam

182 437 244 466 qua
268 427 383 457 imbuti
408 435 483 457 sunt
508 427 652 456 codicum
678 428 919 456 venerationem
944 427 1029 457 falsa
1054 438 1282 466 nonnunquam
1308 437 1339 459 et
1370 429 1532 460 contraria
1557 438 1626 457 cum
1652 427 1820 465 scriptoris
1844 429 1979 458 dictioni

183 475 248 500 tum
272 469 404 510 linguae
429 468 530 498 indoli
555 470 662 506 potius
686 470 916 506 intempestiva
942 469 1144 509 indulgentia
1169 471 1341 501 admittant
1367 479 1397 502 et
1421 481 1524 510 aequo
1548 470 1656 499 animo
1676 471 1860 500 sustineant
1884 481 1979 509 quam

183 511 222 541 ah
258 513 338 541 inita
367 512 419 540 via
453 522 490 540 ac
515 512 642 540 ratione.
667 510 716 539 vel
743 518 963 540 transversum
989 512 1123 551 digitum
1148 512 1330 544 discedant.
1399 515 1493 544 Hanc
1517 512 1642 551 quidem
1669 513 1829 542 rationem
1854 520 1979 543 tantum

183 553 292 590 abest,
328 560 361 583 ut
386 554 481 584 unice
506 552 635 590 probem
662 560 695 581 ut
720 562 879 582 summam
905 554 1037 582 omnino
1061 554 1124 583 vim
1150 564 1370 594 summamque
1395 567 1502 587 curam
1528 557 1559 584 in
1585 553 1788 584 observando
1812 556 1979 592 scriptoris

183 597 337 633 cuiusque
361 605 421 625 usu
451 594 603 633 loquendi
630 595 813 644 popendani
838 594 1005 633 locumque
1030 595 1083 625 ubi
1108 604 1291 635 suspectum
1317 599 1567 636 depravatumve
1603 597 1731 633 videas,
1767 603 1823 626 aut
1858 607 1901 626 ex
1937 598 1981 626 si-

183 637 314 667 milibus
338 638 426 667 inter
449 647 484 666 se
510 638 704 674 comparatis
730 638 1015 677 redintegrandum
1041 644 1095 667 aut
1119 649 1162 668 cx
1187 640 1286 668 iai-iis
1311 639 1506 670 lectionibus
1535 638 1647 669 sedulo
1672 640 1824 668 iudicatis
1849 649 1886 668 ac
1911 649 1983 677 per-

181 681 309 729 pensis,
345 690 426 718 quae
461 690 530 709 cum
567 680 733 716 scriptoris
769 686 876 708 mente
911 686 1007 717 atque
1032 679 1141 709 indole
1166 689 1335 711 concurrat
1360 693 1397 712 ac
1422 689 1594 722 congruat,
1619 692 1688 711 eam
1715 680 1898 720 eligendam
1923 691 1983 710 ex-

182 722 334 752 istimem.
383 721 469 751 Cave
505 722 678 761 igiturne
708 722 815 751 omnia
847 720 971 751 tribuas
996 723 1134 751 vetustis
1160 723 1356 753 membranis
1388 724 1467 754 nihil
1498 723 1750 763 intelligentiae.
1797 722 1981 761 Utrumque

182 774 259 794 vero
284 764 312 793 si
337 771 410 801 apte
435 771 464 794 et
497 765 731 793 convenienter
760 765 973 793 coniunxeris
1004 774 1211 803 permagnum
1243 765 1410 796 v·e1borum
1441 768 1621 806 integritati
1653 767 1871 796 adiumentum
1898 765 1983 795 affe-

181 816 233 836 res
269 807 451 844 optimeque
486 807 672 843 incorrupto
708 807 869 835 sermonis
896 807 1064 835 contextui
1090 806 1252 836 consules.
1301 810 1406 846 Atque
1432 808 1490 838 hoc
1514 808 1664 838 librarios
1689 807 1777 837 solos
1803 807 1983 837 venerandi

181 849 288 878 studio
314 847 526 878 Iacohitzium
553 850 685 878 omnino
711 859 773 878 non
805 850 982 878 immunem
1008 858 1097 885 esse,
1132 850 1304 880 occasione
1329 849 1438 880 oblata
1463 852 1649 888 ostendam,
1684 851 1774 880 cuius
1799 850 1925 889 quidem
1950 850 1982 878 in

182 891 384 921 recensendo
409 891 559 921 Luciano
595 898 686 920 tanta
717 891 778 920 fuit
807 890 922 930 religio
947 897 981 920 ut
1007 891 1038 920 in
1065 889 1174 920 multis
1200 892 1277 922 licet
1307 903 1384 923 vera
1408 899 1439 922 et
1465 900 1551 922 certa
1577 903 1656 931 quae
1682 899 1793 923 essent
1817 893 1942 921 videret
1965 903 1983 921 a

182 934 327 963 codicum
353 933 417 963 fide
442 940 473 962 et
498 935 690 963 auctoritate
716 934 855 971 pondere
879 932 1001 963 mallet.

308 976 376 1005 lam
414 986 488 1005 vero
525 982 653 1005 constat
688 976 773 1005 inter
803 986 915 1004 omnes
950 975 1130 1005 Lucianum
1163 986 1224 1005 non
1257 976 1352 1005 modo
1383 987 1511 1014 operam
1538 976 1756 1006 consumsisse
1781 977 1812 1005 in
1839 982 1983 1005 veterum

182 1019 372 1056 scriptorum
399 1019 639 1047 monuementis
664 1024 694 1047 et
720 1017 962 1055 pervolutandis
988 1024 1019 1047 et
1043 1019 1280 1057 cognoscendis
1305 1019 1361 1048 sed
1381 1018 1519 1057 plurima
1548 1020 1644 1049 etiam
1671 1029 1709 1047 ex
1737 1020 1776 1047 iis
1802 1019 1845 1048 ita
1871 1028 1985 1047 excer-

180 1062 286 1098 psisse
312 1067 343 1090 et
368 1061 398 1089 in
425 1061 492 1089 suis
518 1060 643 1089 horreis
671 1061 797 1089 condita
824 1059 987 1095 hahuisse,
1012 1066 1045 1089 ut
1072 1060 1225 1098 quidquid
1251 1062 1282 1090 in
1309 1072 1373 1090 rem
1395 1072 1484 1090 suam
1513 1067 1701 1090 convertere
1726 1060 1913 1090 velletinde
1927 1061 1985 1089 de-

180 1109 353 1141 promeret.
379 1102 474 1138 Quod
501 1102 553 1132 uhi
579 1103 638 1132 viri
664 1103 781 1132 eruditi
807 1101 1055 1138 intellexerunt,
1081 1103 1188 1131 fontes
1213 1104 1298 1132 unde
1323 1103 1419 1132 rivuli
1444 1103 1616 1138 fluxerint,
1642 1103 1841 1141 investigare
1871 1113 1986 1139 coepe-

181 1152 255 1175 runt
289 1145 384 1184 idque
415 1144 498 1174 haud
525 1146 644 1185 exigua
670 1144 752 1174 nube
778 1144 920 1174 locorum
948 1155 964 1173 e
988 1144 1184 1184 Thucydide
1210 1145 1414 1181 potissimum
1439 1152 1470 1174 et
1496 1144 1640 1174 Isocrate
1665 1150 1841 1173 sumtorum
1867 1144 1986 1174 confir-

180 1198 269 1217 mare
305 1187 498 1216 studuerunt
534 1187 740 1217 Fritzschius
777 1188 809 1216 in
835 1187 973 1222 Quaest.
1011 1187 1087 1218 Luc.
1114 1197 1142 1223 p.
1170 1187 1229 1216 169
1260 1196 1305 1225 sq.
1329 1194 1360 1216 et
1384 1188 1416 1216 in
1443 1187 1546 1225 Epist.
1575 1186 1653 1216 Crit.
1681 1196 1708 1223 p.
1735 1185 1797 1216 IX.
1823 1196 1869 1224 sq.
1894 1194 1925 1216 et
1950 1187 1983 1216 in

180 1236 373 1260 transcursu
409 1237 479 1267 post
510 1229 593 1259 alios
620 1229 830 1259 Hei-mannus
856 1228 1015 1267 Sauppius
1040 1229 1072 1258 in
1099 1229 1202 1266 Epist.
1229 1228 1308 1260 (frit.
1334 1229 1372 1258 ad
1399 1228 1516 1259 Godof.
1544 1227 1768 1257 Hermaunum
1794 1239 1821 1258 a.
1849 1228 1927 1259 1841
1955 1239 1984 1267 p.

181 1273 216 1302 51
245 1283 290 1311 sq.
338 1270 430 1306 Quae
465 1271 514 1301 illi
552 1273 610 1301 viri
648 1271 860 1309 inchoarunt,
896 1282 933 1301 ea
968 1271 1117 1309 persequi
1154 1281 1216 1300 non
1242 1270 1360 1300 inutile
1385 1278 1416 1300 et
1441 1280 1716 1309 supervacaneum
1742 1271 1803 1300 erit
1829 1272 1985 1310 novisque

180 1314 373 1354 quibusdam
400 1313 561 1351 exemplis
586 1313 786 1352 amplificare
811 1324 892 1352 quae
917 1314 1069 1353 congessi
1096 1323 1160 1343 non
1185 1313 1292 1342 dedita
1318 1324 1415 1351 opera
1439 1314 1495 1343 sed
1522 1312 1679 1352 quomodo
1705 1323 1742 1342 ea
1767 1323 1843 1342 casu
1868 1324 1904 1343 ac
1917 1313 1984 1343 for-

180 1359 262 1387 tuito
288 1358 408 1397 legenti
435 1356 514 1386 mihi
540 1355 648 1385 oblata
675 1364 759 1387 sunt.
807 1355 879 1386 Hac
903 1356 934 1385 in
966 1366 999 1385 re
1030 1356 1180 1394 quoniam
1206 1355 1304 1385 facile
1329 1355 1399 1386 fieri
1425 1362 1566 1394 poterat,
1601 1361 1636 1384 ut
1661 1354 1790 1395 singula
1814 1366 1896 1394 quae
1920 1356 1986 1385 for-

179 1406 269 1430 tasse
305 1399 345 1429 ah
381 1398 445 1428 alio
481 1399 633 1447 quopiam
664 1405 913 1428 commemorata
938 1404 1028 1433 sunt,
1059 1404 1331 1436 retractarentur,
1360 1398 1463 1428 libere
1488 1409 1527 1428 nc
1552 1399 1658 1428 aliena
1684 1398 1910 1435 concupiscere
1935 1398 1985 1427 vi-

181 1443 273 1477 dear,
308 1442 524 1479 fate01‚cum
554 1443 644 1482 regia
676 1451 756 1479 quae
781 1448 830 1470 est
854 1442 886 1471 in
913 1448 1024 1471 nostra
1048 1440 1126 1470 urbe
1153 1439 1349 1471 bibliotheca
1374 1450 1429 1470 aut
1453 1451 1562 1479 parum
1589 1447 1643 1469 aut
1668 1439 1747 1469 nihil
1774 1439 1913 1469 subsidii
1937 1439 1984 1469 fe-

180 1492 246 1522 rat,
271 1486 379 1515 varias
409 1495 489 1523 quae
514 1483 574 1513 huc
599 1485 784 1522 pertineant
810 1485 949 1513 virorum
976 1484 1139 1513 doctorum
1161 1485 1457 1513 commentationes
1482 1483 1648 1513 literariae
1678 1481 1894 1521 supellectilis
1930 1492 1983 1520 pe-

181 1528 273 1558 nuria
299 1527 478 1556 cohibitum
507 1537 556 1555 mc
581 1537 643 1556 non
670 1527 818 1564 accipete
845 1526 959 1556 nedum
986 1526 1147 1563 inspicere
1173 1532 1203 1554 et
1229 1536 1414 1564 compar-aie
1439 1527 1595 1565 potuisse

309 1569 345 1600 In
362 1569 472 1599 somn.
487 1580 512 1599 c.
531 1568 554 1598 l.
581 1571 665 1605 τοῖς
689 1568 905 1605 πλεισῑοις
930 1565 986 1599 οὖν
1009 1566 1119 1605 ἔδοξε
1145 1566 1283 1599 παιδεία
1306 1581 1364 1607 μεν
1387 1567 1441 1599 καὶ
1466 1566 1593 1599 71611011
1617 1567 1776 1598 πολλοῦ
1799 1562 1985 1607 καὶχρόνου

180 1613 306 1653 μακροῦ
330 1611 382 1642 καὶ
407 1609 591 1651 δαπάνης
616 1608 660 1641 01³1
685 1623 706 1650 μ
718 1623 833 1651 cupae
856 1611 911 1642 καὶ
935 1608 1031 1652 τύχης
1055 1611 1187 1641 δεῖσθαι
1212 1610 1368 1651 λαμπρᾶς
1392 1618 1452 1642 etc.
1476 1612 1615 1652 iestigia
1642 1608 1878 1640 Demosthenis
1903 1609 1984 1638 satis

181 1655 267 1685 clare
297 1665 453 1692 expressa
485 1656 689 1692 reperiuntur
720 1655 771 1692 qui
804 1654 957 1683 similiter
992 1653 1131 1692 loquitui
1168 1654 1198 1682 in
1231 1655 1378 1683 oratione,
1414 1664 1494 1693 quae
1529 1661 1579 1683 est
1614 1653 1651 1682 de
1688 1651 1784 1682 iebus
1815 1650 1929 1682 Chers.

183 1698 380 1747 Qed.
417 1697 514 1727 Dind.
540 1708 567 1735 p.
590 1698 659 1727 1“.14
695 1697 744 1726 ed.
770 1696 902 1727 Reiska
932 1707 959 1727 ει
997 1695 1032 1727 δέ
1066 1707 1116 1736 τῳ
1151 1695 1262 1726 δοκεῖ
1295 1697 1420 1727 ταῦτα
1455 1694 1509 1726 καὶ
1540 1692 1716 1736 δαπάνης
1746 1693 1820 1725 πολ
1857 1704 1900 1734 ης
1932 1691 1984 1723 καὶ

181 1751 312 1772 πονων
336 1738 494 1770 πολλῶν
517 1738 571 1769 καὶ
596 1738 822 1778 πραγματείας
846 1734 940 1776 εἶναι,
964 1761 972 1769 .
996 1761 1003 1769 .
1028 1762 1035 1769 .
1061 1726 1174 1778 ὀρθῶς
1198 1738 1295 1769 δοκεῖ.

309 1781 436 1823 Nigrin.
472 1793 497 1812 c.
526 1783 572 1812 11.
598 1794 649 1812 ινα
671 1781 715 1820 μὴ
741 1792 789 1812 ov
782 1792 1001 1821 κατασπιισω
1032 1792 1109 1811 που
1138 1779 1268 1811 πεσών
1292 1779 1358 1810 τὸν
1383 1777 1492 1821 {sowa
1521 1775 1563 1811 ‘ov
1593 1775 1867 1830 ὑποκριιομαι
1892 1777 1983 1807 rede-

180 1832 237 1855 unt
263 1826 373 1855 eadem
399 1826 468 1855 sete
493 1824 589 1854 v·eiha
616 1823 708 1854 Rhet
738 1822 966 1854 1¹1a‹·‹.c.12
994 1822 1038 1864 117)
1068 1821 1122 1853 καὶ
1151 1821 1318 1864 συντρίψω
1349 1834 1414 1854 77011
1444 1834 1574 1853 πεσιυν
1597 1820 1663 1852 τὸν
1688 1819 1794 1862 ἶ1ρωα
1819 1832 1859 1850 ον
1883 1816 1984 1850 ὑπο-

181 1866 368 1908 κρίνομαι
394 1874 424 1897 et
450 1877 492 1896 ex
518 1874 607 1904 parte
632 1874 738 1896 sumta
763 1875 838 1896 sunt
863 1878 879 1897 e
907 1865 1142 1896 Demosthenis
1168 1872 1246 1895 orat.
1266 1866 1303 1895 de
1323 1876 1429 1895 coron.
1456 1865 1565 1903 [1,210
1595 1864 1641 1896 10.
1660 1864 1708 1894 ed.
1735 1863 1833 1894 Dind.
1857 1873 1886 1900 p·
1911 1861 1984 1892 288.

184 1911 232 1941 ed.
264 1909 378 1941 Reisk.
413 1908 491 1948 ibiq.
528 1909 661 1940 nissen.
696 1920 725 1947 p.
750 1910 820 1940 :353
847 1927 885 1931 —
922 1908 1004 1939 Tum
1042 1919 1066 1939 c.
1094 1908 1141 1939 1¹³.
1177 1919 1290 1944 ουτος
1314 1904 1410 1948 ἁνιρ
1436 1904 1479 1938 οὗ
1504 1904 1706 1938 παύσεται
1734 1903 1875 1946 τήμερον
1900 1901 1986 1943 πρός

180 1965 221 1993 με
253 1952 358 1994 πολλῆ
387 1954 427 1994 τῆ
453 1953 553 2001 omps]
577 1951 629 1982 καὶ
654 1953 691 1992 τῆ
715 1963 793 1992 τραγ
791 1952 878 1982 1ωὸιά
905 1948 1087 1990 χοιιῖμενοςῑ
1113 1950 1196 1980 hanc
1221 1952 1480 1980 coniunctionem
1507 1951 1579 1979 vide
1604 1960 1643 1978 ne
1669 1949 1835 1978 Lucianus
1861 1958 1879 1976 a
1906 1946 1983 1977 Pla-

183 2002 257 2026 tone
293 1996 440 2032 (invenit,
476 1996 527 2034 qui
564 1995 594 2024 in
623 1994 742 2035 (norgia
775 2006 801 2033 p.
828 1984 899 2024 48‘9.
926 1994 959 2025 B.
988 1993 1157 2023 Calliclem
1191 1993 1269 2023 haec
1298 1994 1457 2023 dicentem
1488 1988 1759 2022 1111111ῑοῦτοσὶ
1795 1987 1876 2030 ἀνῇ-ο
1905 1992 1984 2024 (scr.

183 2035 343 2080 ἁι17>ρ>οὐ
369 2035 570 2068 παύσεται
595 2037 827 2079 φλι1α(κῖ11.--
876 2037 978 2067 Porro
1004 2047 1028 2065 c.
1048 2038 1096 2066 15.
1122 2031 1314 2076 ἄγευστος
1336 2033 1586 2076 ἐλευθερίας.
1612 2033 1700 2064 Plat.
1726 2033 1764 2062 de
1788 2043 1852 2070 rep.
1868 2030 1928 2062 [X.
1954 2043 1982 2070 p.

183 2061 410 2111 576.Λ.111)’1
449 2087 562 2110 natura
597 2083 727 2131 tyranni
755 2090 878 2118 quoque
902 2079 1065 2108 libertatis
1091 2086 1121 2108 et
1146 2079 1310 2108 amicitiae
1336 2088 1435 2107 sensu
1461 2080 1552 2107 vacui
1580 2077 1630 2106 his
1650 2076 1757 2105 verbis
1771 2073 1982 2125 describitur.

184 2122 271 2154 ἕλευ
295 2121 441 2163 θερίας
465 2122 516 2154 καὶ
532 2119 810 2173 φιλιάςᾶληθοῖς
829 2119 1117 2163 τι1ρα111ικ7]([1’1σις
1135 2117 1218 2152 ciel'
1204 2117 1296 2161 α’γευ
1305 2132 1404 2157 στος.
1419 2137 1456 2142 —
1483 2121 1524 2150 Et
1550 2131 1576 2150 c.
1591 2120 1640 2149 ’.10
1667 2131 1681 2159 7
1690 2129 1786 2149 711610
1810 2117 1873 2147 τῶν
1897 2112 1984 2157 ἀμφὶ

182 2165 239 2207 τὴν
263 2164 389 2196 11εκ1ίοιν
413 2164 465 2196 καὶ
491 2163 656 2206 διαθήκας
685 2164 1025 2203 καλινδουμένων,
1061 2164 1173 2193 eodem
1200 2164 1265 2193 fene
1290 2162 1460 2193 intellectu
1486 2162 1621 2192 Isocr.at
1646 2145 1714 2191 adv.
1741 2159 1839 2198 Soph.
1864 2170 1891 2197 p.
1911 2159 1983 2189 261.

183 2210 210 2241 5.
237 2209 286 2238 ed.
314 2208 410 2237 Dind.
443 2220 470 2245 p.
487 2207 557 2239 29³.
583 2208 632 2238 ed.
659 2206 788 2238 {ze-istm
811 2206 940 2258 χείρους
964 2205 1110 2245 ἐγένοντο
1134 2206 1208 2236 τῶν
1233 2205 1308 2246 neor*
1331 2204 1388 2242 τὰς
1414 2203 1525 2246 ἕρίόας
1548 2202 1884 2242 καλινδουμένων.

310 2251 443 2281 Timon.
469 2261 494 2280 c.
521 2252 568 2282 1⁴.
593 2248 626 2287 ἐς
649 2250 685 2281 τὸ
711 2251 841 2302 σημεῖον
870 2248 924 2280 καὶ
953 2248 1008 2279 τὸ]
1031 2247 1151 2287 μοχλὸν
1179 2232 1486 2299 ἀσκαρδαμυκτὶ
1514 2246 1741 2286 βλέποντας
1774 2244 1912 2274 referam
1943 2242 1983 2272 ad

183 2293 282 2324 Arist.
308 2293 388 2332 qu.
413 2304 442 2323 1.
466 2292 537 2323 292.
563 2292 718 2332 βλέψον
741 2304 789 2329 εις
810 2290 841 2331 μ’
869 2291 1216 2333 ἅσκαρὸάμιᾘκτος
1263 2291 1402 2321 Locutio
1427 2287 1674 2332 ἀσκαρδαμυκτὶ
1695 2285 1848 2328 βλέπειν,
1883 2296 1983 2327 προς-

181 2336 318 2376 βλέπειν
342 2336 425 2366 redit
450 2336 531 2374 apud
558 2336 694 2367 Lucian.
721 2334 857 2365 lcar0.m
884 2346 909 2366 c.
937 2335 990 2372 143
1017 2333 1141 2373 Catapl.
1167 2344 1191 2364 c.
1217 2333 1266 2365 26.
