2318 2945
1167 222 1218 255 2⁰

420 326 545 359 Timon.
569 337 595 359 c.
622 327 668 358 16.
695 326 800 373 ἀφιεὶς
830 328 882 356 καὶ
913 325 1051 365 βαδίζειν
1078 325 1177 356 ἔνθα
1199 327 1244 356 ἄν
1266 326 1402 357 ἐθέλοι
1423 327 1541 367 νύκτωρ
1563 330 1615 357 καὶ
1636 326 1712 366 μεθ’
1734 324 1863 374 ἡμέραν.
1930 323 1985 356 Sic
2008 335 2082 366 pro-

302 371 477 411 mulgatum
509 369 600 400 video
623 380 641 400 a
663 367 836 399 Iacobitzio
861 367 1025 397 Dindorfio
1049 367 1326 400 Sommerbrodtio.
1374 369 1419 398 At
1447 369 1572 409 scripsit
1594 368 1757 398 Lucianus
1780 368 1840 398 nisi
1864 367 1965 399 fallor·
2001 368 2085 399 ἔνθα

304 415 351 445 ἄν
373 414 502 455 ἐθέλῃ.
547 411 615 443 Nec
647 421 741 451 aegre
775 412 872 441 feram
907 410 932 440 si
961 409 1032 449 quis
1055 420 1126 440 cum
1150 410 1248 440 codex
1274 409 1361 443 Gorl.
1385 412 1569 459 particulam
1593 413 1634 441 ἄν
1656 410 1790 447 omittat,
1822 410 1924 441 ἔνθα
1947 411 2088 442 ἐθέλοι

301 456 351 486 vel
375 448 506 486 ἐθέλει
529 455 644 485 scribat
667 453 721 484 sed
745 452 820 482 illud
843 458 982 493 praestat
1006 452 1091 492 quod
1114 463 1186 483 cum
1208 451 1340 483 Luciani
1364 464 1424 484 usu
1446 454 1548 495 magis
1571 453 1740 484 concordat
1763 434 1888 494 Iinagg.
1917 456 1943 485 1.
1965 453 2085 491 ἀπάξει

300 510 360 539 γαρ
385 506 418 528 σε
445 497 611 539 αναδησαμ
614 499 666 537 ένη
698 495 798 526 ἔνθα
820 497 865 526 (ἲν
888 495 1014 537 ἐθέλῃ.
1060 494 1388 527 Dia1.Mort.X1X
1415 497 1440 528 1.
1484 499 1537 527 καί
1569 509 1613 533 τις
1646 494 1728 537 ἡμᾶς
1750 495 1872 535 δαίμων
1894 496 1962 534 ἄγει
1983 496 2088 527 ἔνθα

302 541 351 571 ἄν
373 541 498 581 ἐθέλῃ.
543 539 609 571 Ιον.
632 538 728 578 Trag
756 541 803 571 12.
836 539 893 569 νῦν
925 540 983 578 μὲν
1015 537 1133 589 ᾆναμὶξ
1153 538 1349 580 καθιζόντων
1371 538 1469 569 ἔνθα
1498 540 1598 578 aum)
1633 541 1793 574 ἕκαστος
1826 538 1957 590 ἐθέλῃ.
2003 537 2088 570 Dial.

299 582 395 614 Mort.
421 552 530 614 XVlll.
554 583 583 613 2.
608 581 644 612 συ
665 583 724 621 μὲν
745 580 969 621 ἐπιλεξάμενος
989 581 1091 611 τόπον
1112 580 1212 611 ἐνθα
1234 581 1280 611 ἄν
1301 581 1443 631 ἐθέλῃς
1464 587 1546 612 κεῖσο
1569 581 1758 621 καταβαλων
1781 580 1924 611 σεαυτόν.

416 624 540 655 Timon
565 634 592 656 c.
615 624 663 655 43.
698 623 870 654 πλουτείτω
894 623 928 653 δὲ
951 625 1062 663 Τίμων
1083 622 1183 663 μόνος
1211 626 1264 653 καὶ
1288 622 1478 675 ὑπεροράτω
1511 623 1663 655 ἁπάντων
1695 626 1748 659 καὶ
1780 624 1931 664 τρυφάτω
1963 621 2087 663 μόνος

302 667 390 699 καθ’
412 668 559 699 ἑαυτόν.
605 664 793 707 Scripserim
817 671 871 696 aut
892 666 1011 706 μόνος
1032 665 1150 702 αὐτὸς
1171 666 1259 696 καθ’
1281 665 1422 697 ἑαυτὸν
1446 666 1530 706 quod
1554 667 1670 697 maiore
1694 664 1831 706 quadam
1855 666 1886 695 vi
1908 675 1945 695 ac
1969 665 2085 706 grada-

299 710 385 741 tione
418 709 537 740 dictum
569 716 617 738 est
639 714 673 738 ut
696 713 744 738 est
767 707 850 748 apud
876 707 955 739 Plat.
980 707 1019 738 de
1042 719 1107 749 rep
1130 707 1177 740 Χ
1201 719 1230 749 p.
1255 707 1324 739 604.
1350 709 1389 740 Α.
1426 709 1503 739 ὅταν
1526 709 1560 739 ἐν
1582 709 1694 750 ἐρημίᾳ
1715 707 1841 749 μόνος
1863 707 1980 745 αὐτὸς
2001 708 2089 738 καθ’

301 752 419 784 αὐτὸν
439 754 592 792 strumen,-
625 750 703 792 Lys.
728 748 785 781 Or.
809 749 937 782 XXVI.
964 752 1011 782 11.
1045 751 1160 792 ταύτην
1183 750 1216 781 δὲ
1238 750 1294 792 τὴν
1316 751 1415 792 αρχῆν
1435 751 1524 788 αξιοῖ
1547 753 1682 805 μόνος
1701 751 1817 787 αὐτὸς
1853 751 1942 781 καθ’
1965 748 2090 781 αὑτὸν

301 796 409 848 ἄρχειν
431 800 460 824 et
483 794 521 824 de
543 793 637 824 rebus
660 792 745 834 apud
769 791 924 823 Themist.
948 793 1094 834 Paraphr.
1119 792 1252 823 Aristot.
1277 792 1313 824 T.
1339 794 1355 824 l.
1369 794 1439 826 247
1464 792 1611 834 Spengel,
1636 793 1733 825 αὐτὰ
1755 794 1854 834 μόνα
1877 794 1964 824 καθ’
1987 791 2088 824 αὐτὰ

299 838 340 868 τὰ
362 837 557 878 διαστήματα
580 835 774 886 ἒξετάζομεν;
796 841 852 866 aut
872 837 991 876 μόνος
1012 839 1075 866 καὶ
1096 837 1184 866 καθ’
1206 835 1349 867 ἑαυτὸν
1371 837 1529 876 quomodo
1552 836 1675 867 locutus
1699 845 1747 866 est
1770 837 1863 867 lsocr.
1875 834 1932 867 Or.
1939 834 2006 867 Xll.
2019 835 2088 867 102.

300 881 319 911 ὅ
346 880 462 920 μόνοι
495 882 557 909 καὶ
589 879 677 909 καθ’
699 876 839 915 αυτούς
871 878 1016 919 ἔπραξαν
1046 881 1091 915 τίς
1124 878 1180 909 οὐκ
1208 878 1294 909 οἶδεν
1317 879 1760 910 ὅτι.κ.τ.λ.81;1,1κ;1311118
1783 879 1852 919 ipse
1875 877 2008 909 Icarom
2032 878 2085 910 30.

298 923 417 963 μόνοι
445 921 484 952 δὲ
507 925 568 952 καὶ
590 922 677 952 καθ
699 921 862 958 ἑαυτοὺς
882 922 1045 961 γενόμενοι
1066 923 1095 951 τί
1117 922 1158 952 ἄν
1180 921 1264 960 λέγοι
1286 933 1330 958 τις
1352 922 1414 953 ὅσα
1435 924 1493 962 μὲν
1515 921 1679 952 ἐσθίουσιν
1700 934 1727 952 κ.
1751 934 1776 952 τ.
1799 921 1827 952 λ.
1861 931 1955 962 quam
1978 920 2089 951 lectio-

298 975 369 995 nem
394 964 461 994 sine
484 964 600 994 idonea
623 974 736 994 caussa
758 963 789 993 in
813 964 1057 994 controversiam
1083 963 1214 994 adduxit
1238 963 1384 995 Boisson.
1408 963 1529 994 Anecd.
1552 962 1631 994 Nov.
1651 975 1678 1005 p.
1696 966 1763 996 112,
1788 963 1839 994 cui
1862 963 2015 1005 particula
2037 966 2090 994 καὶ

298 1006 431 1048 expulsa
452 1006 618 1047 placebat·
651 1005 766 1057 μόνοι
788 1007 876 1037 καθ’
898 1006 1057 1043 ἑαυτοὺς
1079 1006 1189 1037 eodem
1214 1008 1278 1037 fere
1301 1006 1460 1037 intellectu
1485 1017 1547 1046 quo
1570 1006 1715 1037 dixerunt
1738 1006 1870 1047 Antiph.
1895 1004 1952 1037 Or.
1978 1005 2016 1037 V
2039 1007 2089 1038 21

300 1050 370 1080 αλλ’
394 1049 511 1087 αὐτὸς
543 1050 629 1080 καθ’
655 1047 773 1080 αὑτὸν
805 1049 863 1080 τόν
895 1049 998 1080 πλοῦν
1030 1051 1243 1090 πεποιημένος
1275 1051 1365 1080 ἕνεκα
1398 1050 1591 1102 πραγμάτων
1624 1049 1721 1087 ἷδίωνς
1757 1047 1911 1080 Themist.
1936 1047 2090 1089 Paraphr.

300 1093 432 1123 Aristot
455 1091 484 1123 ll.
510 1093 579 1123 184.
614 1091 731 1128 αὐτὸς
752 1093 839 1122 καθ’
861 1091 1019 1129 ἑαυτόν,·
1052 1090 1170 1123 Zosim.
1194 1091 1280 1123 Hist.
1302 1091 1356 1122 lV.
1384 1092 1430 1124 18
1465 1091 1581 1128 αὐτὸς
1603 1093 1690 1122 καθ’
1713 1091 1852 1123 ἑαυτὸν
1873 1091 2087 1132 λογισάμενος.

298 1134 383 1166 Xen.
408 1134 504 1165 Mem.
529 1134 569 1165 ΙΙΙ.
593 1136 621 1166 5.
646 1134 673 1165 4.
705 1137 843 1166 Βοιωτοὶ
864 1137 922 1175 μὲν
945 1158 952 1165 .
978 1159 985 1165 .
1009 1158 1016 1165 .
1040 1136 1098 1166 νῦν
1120 1134 1302 1165 ἀπειλοῦσιν
1324 1134 1436 1165 αυτοὶ
1464 1135 1552 1165 καθ’
1574 1134 1737 1171 ἑαυτοὺς
1769 1134 1918 1174 ἐμβαλεῖν
1951 1135 1994 1171 εἷς
2025 1133 2082 1175 τὴν

294 1177 447 1219 ’Λττικήν.
491 1177 536 1208 Id.
550 1176 622 1208 ibid
638 1177 678 1208 ΙΙΙ.
698 1178 789 1208 5.11
817 1176 927 1208 αυτοὶ
948 1177 1031 1208 καθ’
1053 1177 1216 1213 ἑαυτοὺς
1240 1176 1461 1217 ἀγωνιζόμενοι
1483 1178 1564 1216 πρὸς
1585 1189 1657 1214 τους
1678 1178 1879 1217 κυριεύοντας
1900 1178 1952 1218 τῆς
1971 1177 2082 1214 ’Λσιας

298 1221 365 1251 πάσ
364 1232 407 1261 η.ς
441 1218 596 1249 Themist
622 1217 679 1252 Or.
703 1218 801 1250 XXI.
827 1221 950 1260 2.pa17
976 1219 1018 1251 D.
1054 1220 1159 1250 αὐτοὶ
1192 1221 1277 1250 καθ’
1300 1220 1463 1256 ἑαυτους
1498 1220 1762 1258 διαγινώσκουσιν.
1807 1219 1935 1259 Dionys.
1971 1218 2077 1250 Halic.

298 1264 431 1303 Antiqq.
445 1262 536 1293 Rom.
550 1261 605 1293 Xl.
619 1264 669 1295 55.
693 1265 903 1301 συναχθέντες
924 1264 967 1299 εἷς
989 1262 1145 1293 ἰδιωτικὸν
1167 1262 1319 1300 σύλλογον
1342 1261 1405 1293 ὑπὸ
1428 1264 1490 1292 τῶν
1512 1261 1643 1292 ὑπάτων
1666 1262 1778 1293 αὐτοὶ
1800 1262 1889 1292 καθ’
1907 1261 2082 1298 ἑαυτούς.

298 1304 459 1336 Demosth.
485 1303 542 1336 Or.
564 1304 591 1336 ll.
618 1302 670 1336 14.
699 1305 792 1346 αὐτὴ
828 1305 867 1336 δε
901 1306 988 1336 καθ’
1016 1304 1136 1346 αυτὴν
1169 1305 1308 1346 ασθενὴς
1330 1308 1381 1334 καὶ
1404 1304 1533 1335 πολλῶν
1555 1307 1659 1335 κακῶν
1681 1305 1745 1334 ἐστι
1766 1304 1860 1345 μεστὴ
1883 1313 1965 1343 quae
1987 1303 2083 1334 verba

298 1358 337 1377 ex
361 1353 448 1389 parte
470 1353 647 1377 recurrunt:
672 1346 730 1379 Or.
754 1347 811 1379 Xl.
835 1350 868 1383 ὃς
894 1348 1023 1387 Dionys.
1048 1347 1066 1379 Ι
1091 1358 1116 1378 c
1141 1346 1203 1378 Vll.
1228 1347 1277 1377 64.
1309 1346 1402 1387 αὐτή
1427 1348 1515 1377 καθ’
1538 1346 1659 1387 αὐτὴν
1681 1345 1699 1387 ἦ
1721 1349 1837 1386 πρᾶξις
1859 1346 2079 1388 ἐξεταζομένης

298 1389 627 1430 Themist.Paraph1·.
651 1389 785 1421 Aristot.
809 1389 836 1419 ll
855 1391 921 1422 148
946 1389 1040 1430 αὐτὴ
1062 1390 1150 1419 καθ’
1173 1387 1303 1430 αυτήν.·
1348 1389 1477 1429 Dionys.
1501 1389 1520 1418 l.
1545 1399 1570 1419 o.
1596 1388 1655 1419 Vll.
1680 1390 1730 1420 55.
1755 1391 1886 1419 ἕκαστον
1907 1391 1969 1419 τῶν
1991 1389 2085 1420 πολι-

297 1444 458 1473 τευματων
491 1432 584 1462 αὐτὸ
619 1433 708 1462 καθ’
731 1432 845 1463 ἑαυτὸ
867 1433 1045 1472 γενόμενον.
1092 1431 1138 1462 Id.
1164 1430 1226 1463 Vll
1252 1433 1300 1462 65.
1336 1431 1370 1462 τὸ
1393 1434 1451 1471 μὲν
1473 1431 1551 1468 ἔθος
1573 1430 1668 1462 αὗτὸ
1691 1432 1779 1462 καθ’
1801 1431 1917 1462 εαυτὸ
1941 1432 2085 1469 ἐξεταζό-

295 1486 393 1516 μενον
414 1475 565 1516 χρήσιμον
587 1476 677 1505 εῖναι.
725 1473 807 1505 Cum
831 1474 892 1504 hoc
914 1473 1037 1504 dicendi
1062 1484 1177 1514 genere
1206 1473 1447 1515 significationis
1472 1474 1622 1504 societate
1646 1474 1782 1514 quadam
1806 1473 1991 1504 coniunctae
2015 1478 2088 1504 sunt

297 1517 378 1548 duae
402 1516 553 1548 formulae
577 1517 694 1554 αὐτὸς
716 1517 774 1559 ἐφ’
791 1529 931 1548 εαυτου
955 1523 986 1547 et
1009 1516 1124 1553 αὐτὸς
1145 1516 1210 1558 αφ’
1232 1517 1373 1548 εαυτοῦ
1396 1516 1435 1546 de
1458 1517 1574 1556 quibus
1597 1516 1655 1546 viri
1679 1516 1762 1547 docti
1785 1527 1963 1557 quanquam
1989 1526 2083 1557 saepe

295 1560 508 1600 litigaverunt,
531 1570 597 1589 rem
621 1565 724 1590 tamen
748 1559 887 1589 nondum
912 1559 950 1589 ad
974 1559 1129 1599 liquidum
1152 1558 1339 1601 perduxisse
1363 1558 1515 1590 videntur.
1562 1559 1735 1590 Discrimen
1759 1559 1842 1599 quod
1865 1559 1945 1589 inter
1968 1565 2087 1589 utram-

297 1613 358 1643 que
381 1602 546 1633 formulam
570 1601 762 1633 intercedere
785 1608 925 1642 putatur,
951 1601 1130 1632 Fridericus
1154 1602 1323 1643 Augustus
1348 1601 1487 1632 XVolfius
1510 1602 1550 1632 ad
1570 1602 1658 1633 Dem.
1675 1600 1731 1634 Or
1745 1601 1836 1650 Lept.
1850 1606 1875 1638 §.
1893 1602 1961 1634 100.
1973 1612 2001 1642 p.
2019 1602 2087 1633 122.

298 1646 436 1676 Voemel.
460 1651 504 1674 lta
528 1645 653 1681 statuit,
688 1651 722 1675 ut
746 1644 810 1686 αφ’
833 1645 973 1676 ἑαυτοῦ
997 1645 1036 1675 sit
1060 1656 1127 1675 sua
1152 1651 1305 1686 sponte;
1341 1645 1398 1686 ἐφ’
1420 1644 1561 1676 ἑαυτοῦ
1584 1644 1707 1675 dicatur
1729 1645 1766 1674 111
1795 1644 1844 1675 iis
1867 1644 1984 1674 rebus
2007 1654 2086 1685 quas

298 1687 369 1728 quis
404 1688 478 1718 facit
512 1698 579 1728 per
613 1698 651 1718 se
686 1687 806 1718 solum
837 1698 905 1718 sua
929 1687 1054 1718 solius
1078 1687 1321 1718 auctoritate
1345 1688 1428 1718 sine
1451 1687 1553 1718 alius
1577 1687 1749 1718 consilio
1772 1687 1833 1717 vel
1862 1686 2012 1717 auxilio
2046 1697 2085 1718 ex

296 1737 386 1772 parte
410 1730 627 1760 tantummodo
650 1741 759 1761 verum
784 1741 854 1760 esse
876 1731 1006 1761 videtur.
1042 1730 1263 1760 Animadverti
1287 1730 1368 1760 enim
1393 1729 1477 1760 viros
1501 1730 1610 1760 doctos
1635 1741 1727 1770 saepe
1750 1730 1830 1759 inter
1854 1740 1886 1760 se
1910 1729 2090 1760 discordare

297 1778 327 1803 et
361 1774 391 1803 in
420 1772 630 1803 diiudicandis
655 1772 787 1813 singulis
810 1772 887 1803 locis
912 1778 967 1803 aut
989 1783 1045 1813 pro
1069 1784 1125 1803 suo
1150 1783 1307 1813 quemque
1330 1772 1459 1803 arbitrio
1483 1772 1664 1814 ingeniique
1686 1772 1835 1803 facultate
1858 1783 1912 1802 eos
1936 1771 2089 1825 refingerc

297 1822 351 1846 aut
385 1815 603 1846 auctoritatem
637 1816 794 1856 potiorum
829 1816 955 1846 testium
991 1815 1079 1856 sequi
1103 1815 1191 1847 velle.
1228 1815 1409 1846 Discrimen
1441 1824 1546 1846 autem
1577 1815 1653 1846 illud
1681 1815 1711 1845 in
1737 1814 1887 1846 formulas
1911 1814 2006 1851 αὐτὸς
2028 1814 2088 1856 αφ’

297 1858 411 1889 ἑαυτοῦ
445 1864 475 1888 et
509 1858 604 1895 αὖτός
638 1859 690 1899 ἐφ’
713 1858 826 1889 ἑαυτοῦ
851 1859 1035 1889 translatum
1060 1858 1183 1889 efficere
1206 1858 1367 1899 probabile
1391 1864 1456 1894 est,
1489 1866 1523 1888 ut
1546 1858 1654 1889 eadem
1679 1868 1776 1899 prope
1800 1857 1956 1889 vacillatio
1979 1857 2088 1898 progi-

296 1908 422 1942 gnatur‚
445 1907 515 1930 utra
538 1901 600 1931 utri
623 1902 826 1931 anteferenda
850 1902 897 1932 sit.
946 1899 1027 1932 Cum
1053 1903 1134 1931 enim
1158 1901 1242 1942 apud
1266 1900 1399 1932 Lucian.
1424 1901 1539 1932 Abdic.
1566 1901 1610 1932 10.
1635 1900 1665 1930 in
1690 1900 1834 1931 omnibus
1859 1900 1952 1930 hodie
1976 1900 2088 1931 editio-

295 1943 390 1974 nibus
412 1943 534 1985 legatur
557 1944 634 1974 ὅταν
656 1943 691 1974 δὲ
712 1944 754 1985 μὴ
776 1945 843 1974 κατ’
859 1944 997 1986 ἀνάγκην
1018 1944 1089 1975 ἀλλ’
1101 1945 1152 1975 ἐπ’
1163 1944 1308 1982 ἐξουσίας
1330 1942 1444 1980 αὐτός
1466 1956 1520 1981 τις
1543 1944 1608 1985 ἀφ’
1630 1944 1772 1974 ἑαυτοῦ
1793 1947 1845 1973 καὶ
1868 1942 2089 1983 δοκιμάσας

411 2029 453 2060 13)
471 2030 614 2062 Vulgatam
640 2031 797 2062 scripturam
823 2030 985 2055 retinendam
1013 2031 1088 2055 duco.
1113 2031 1272 2055 Iacobitzius
1300 2031 1326 2054 in
1354 2031 1468 2056 editione
1495 2030 1623 2063 singulari
1643 2028 1698 2054 ἕνθ’
1717 2029 1750 2053 ἄν
1769 2048 1776 2054 .
1796 2029 1900 2063 ..ἐθέλῃ
1918 2031 1945 2053 in
1971 2030 2086 2054 maiore:

296 2061 351 2087 ἕνθ’
371 2063 405 2087 ἄν
423 2083 429 2088 .
444 2064 556 2088 ,ἐθέλοι
574 2065 766 2097 promulagavit
785 2065 853 2097 quod
872 2066 974 2089 scilicet
991 2066 1050 2097 plus
1069 2066 1233 2090 auctoritatis
1252 2066 1350 2090 habere
1370 2066 1502 2090 videretur
1521 2073 1537 2089 a
1556 2065 1698 2094 codicibus
1717 2065 1745 2088 in
1763 2048 1858 2096 qu'ibus
1878 2067 1917 2088 est
1936 2064 1991 2088 cod.
2005 2064 2087 2096 Gorl;

295 2098 446 2123 Dindorfius
464 2100 492 2122 in
510 2102 636 2131 utraque:
663 2098 721 2123 ἔνθ’
741 2098 774 2123 (ἰν
792 2118 798 2124 .
819 2100 921 2133 ,ἐθέλῃ
941 2101 1073 2131 praetulit
1110 2101 1167 2124 Non
1186 2101 1274 2131 probo.
1310 2100 1421 2131 Respuit
1444 2100 1513 2124 enim
1531 2099 1627 2123 vocula
1645 2099 1713 2122 ἔνθα
1732 2099 1870 2122 elisionem
1890 2101 1950 2123 aute
1969 2083 2087 2123 vocalem

296 2133 424 2164 quomodo
451 2134 478 2157 in
506 2134 538 2157 iis
564 2141 628 2165 quos
656 2134 735 2159 attuli
758 2135 822 2158 locis
845 2135 882 2158 ita
900 2135 927 2158 in
945 2135 1012 2160 aliis.
1047 2135 1279 2159 Dia1.De0r.V1.
1299 2133 1323 2159 3.
1350 2134 1418 2158 ἔνθα
1437 2135 1470 2158 ἄν
1489 2133 1579 2166 ἡγῆταί
1598 2141 1655 2162 σου
1681 2133 1739 2157 XX.
1759 2132 1782 2156 8
1812 2132 1880 2156 ἔνθα
1898 2133 1931 2156 ἄν
1949 2131 2084 2166 ἀπερείσῃ.

295 2167 413 2191 Hermot.
432 2166 473 2192 28.
491 2166 559 2191 ἔνθα
577 2177 611 2192 (ιν
629 2169 780 2207 ..φέρωσι
816 2167 1095 2193 Harmonid.1.‹im.
1112 2168 1180 2193 ἔνθα
1199 2168 1232 2192 ἄν
1250 2188 1256 2193 .
1294 2168 1379 2207 φανῇς
1397 2168 1478 2200 (male
1497 2168 1568 2200 apud
1585 2152 1703 2192 Dimiorf.
1723 2165 1778 2191 αλλ
1797 2166 1865 2191 ἔνθα
1885 2168 1918 2191 ἄν
1938 2186 1944 2192 .
1956 2156 2079 2200 .φανῆς)

294 2202 341 2226 Bis
358 2201 422 2225 Acc.
443 2201 464 2226 l.
484 2202 552 2226 ἔνθα
569 2211 604 2226 αν
622 2221 637 2227 ..
647 2188 773 2237 'atel-§1364
809 2203 876 2227 Ibid
895 2204 919 2228 6.
939 2203 1007 2227 ἔνθα
1025 2211 1059 2226 (εν
1077 2202 1160 2236 (ἓπίδη
1179 2202 1191 2227 ὃ
1211 2193 1359 2236 ὀφθαλμός.
1395 2204 1462 2227 Ibid.
1481 2201 1522 2227 21.
1545 2202 1612 2226 ἔνθα
1630 2201 1663 2226 ἂν
1682 2221 1698 2227 ..
1718 2202 1850 2226 ἐλπίσωσι.
1887 2203 1984 2226 Mirum
2002 2203 2083 2234 igitur

295 2243 342 2260 cur
351 2236 501 2261 Dindorfius
519 2238 547 2261 in
566 2237 666 2262 duobus
685 2238 749 2262 locis
768 2238 825 2262 sola
843 2238 925 2269 ipsius
943 2239 1100 2262 auctoritate
1119 2238 1220 2270 aliquid
1233 2239 1365 2269 corrigere
1384 2245 1462 2269 quam
1480 2240 1635 2268 perpetuum
1652 2237 1707 2261 fere
1725 2237 1752 2260 in
1770 2236 1820 2260 hac
1839 2244 1867 2260 re
1878 2236 1989 2261 Luciani
2007 2244 2083 2260 usum

295 2271 419 2301 amplecti
435 2271 569 2295 maluerit:
594 2272 659 2296 nihil
679 2273 747 2296 enim
766 2280 780 2296 e
799 2272 873 2296 codd.
892 2273 982 2296 variae
1000 2272 1121 2297 lectionis
1143 2275 1271 2297 enotatur
1308 2272 1428 2296 Correxit
1446 2274 1533 2296 autem
1552 2272 1579 2295 in
1598 2271 1683 2295 altera
1702 2271 1816 2295 edit-ione
1834 2271 1935 2295 Anach.
1958 2270 1997 2295 17.
2025 2268 2082 2294 ἄλλ’

295 2305 355 2334 (scr.
375 2302 439 2335 ἀλλ’)
467 2304 524 2329 ἔνθ’
543 2315 576 2329 αν
594 2314 636 2330 σοι
654 2305 767 2340 ..δοκῇ
785 2310 810 2331 et
828 2306 891 2330 ibid.
911 2306 950 2331 19.
970 2304 1027 2330 ἐνθ’
1046 2307 1079 2330 ἄν
1097 2315 1138 2332 σοι
1157 2306 1227 2340 δοκῇ.
1265 2307 1373 2331 Rectius
1401 2310 1514 2338 egerunt
1530 2306 1688 2330 Iacobitzius
1707 2307 1735 2329 in
1752 2308 1864 2337 utraque
1883 2308 1909 2329 et
1926 2305 2078 2329 Diudorfius

295 2339 322 2363 in
340 2339 483 2364 Didotiana
501 2340 614 2365 editione
631 2349 691 2365 cum
710 2331 777 2365 ἔνθα
795 2341 830 2365 ἄν
848 2341 887 2365 his
906 2349 1009 2373 quoque
1026 2341 1091 2365 locis
1111 2341 1152 2365 edi
1172 2342 1301 2366 iuberent.
