2193 2663
1069 226 1111 257 tt

194 326 358 364 efferri,
383 327 488 364 credo,
513 326 564 357 sas
589 334 649 365 est,
673 328 862 365 praesertim
888 328 915 356 si
941 328 994 366 qui
1018 327 1128 356 audire
1153 328 1242 367 cupit
1265 333 1293 357 et
1319 328 1441 357 amicus
1466 334 1516 357 est
1540 333 1571 357 et
1595 327 1707 358 eodem
1734 334 1862 358 tenetur
1880 330 1987 359 studio

192 387 235 391 —-
259 379 297 398 ea
322 379 407 399 nunc
432 370 539 400 minus
565 368 691 407 placent
715 370 791 408 quia
815 369 1003 399 adverbium
1027 368 1105 399 illud
1131 370 1194 398 iam
1221 380 1276 407 per
1299 379 1334 399 se
1357 380 1432 399 raro
1457 376 1646 406 usurpatum
1671 381 1689 400 a
1713 370 1854 400 dictione
1869 371 1986 401 Lucia-

194 422 254 441 nea
291 411 386 449 plane
421 411 573 441 abhorret
589 413 632 446 ⁹).
679 411 809 441 Poteris
839 412 935 441 etiam
969 422 1038 441 cum
1063 410 1236 450 Rudolpbo
1261 410 1451 442 Skrzeczka
1474 413 1577 442 amico
1602 423 1673 442 meo
1698 423 1764 443 non
1790 414 1896 443 minus
1920 412 1986 443 ele-

193 460 310 494 ganter
332 454 407 484 τῶν
431 451 558 484 ἀστῶν
581 464 637 491 pro
663 449 770 483 αὐτῶν
792 463 961 491 reponere.

321 494 447 536 Nigrin.
472 506 498 525 c.
525 496 572 525 10,
599 491 649 531 ὥς
671 490 759 535 εὖγε
781 494 817 535 νὴ
842 494 898 525 τὸν
917 493 1042 535 (Ερμῆν
1065 494 1119 526 καὶ
1142 494 1222 526 κατὰ
1247 493 1303 525 τὸν
1324 496 1388 526 τῶν
1410 493 1557 538 ῥητόρων
1580 494 1679 536 νόμον
1703 494 1988 538 πεπροοιμίασταί

193 548 257 568 σοι.
283 537 397 568 Malim
424 534 618 577 ὑπέρευγε
641 537 798 574 quomodo
813 537 914 567 Paris.
930 538 997 569 c.9.
1022 535 1220 578 ὑπέρευγέ
1237 549 1295 575 μοι
1319 538 1425 574 δοκεῖς
1447 535 1630 578 ὁρίσασθαι
1644 537 1699 579 τὴν
1712 540 1852 570 σεαυτοῦ
1864 538 1986 579 τέχνην.

321 578 448 619 Nigr-in.
474 590 498 609 c.
526 580 573 609 ll.
598 578 651 608 καὶ
675 580 778 609 ταῦτα
801 578 859 618 μὲν
883 574 904 609 ἃ
929 578 967 610 σὺ
991 579 1126 620 διῆλθες
1149 577 1332 621 ἐβουλόμην
1356 577 1395 609 ἂν
1418 578 1576 621 εἰρῆσθαί
1597 591 1664 619 μοι,
1699 578 1831 612 κάκεῖνα
1854 580 1901 619 δέ,
1936 581 1988 613 ὅτι

193 618 251 660 οὐχ
274 619 348 662 ἑξῆς
371 618 447 652 οὐδὲ
471 617 515 657 ὡς
537 619 658 656 ἐκεῖνος
682 619 786 660 ἔλεγε,
822 619 915 662 ῥῆσίν
937 633 1009 652 τινα
1038 621 1115 663 περὶ
1149 619 1281 652 πάντων
1309 621 1383 662 ε’ριῖ.
1429 623 1514 652 Ante
1539 622 1750 653 Iacobitzium
1780 622 1842 654 ὅτι
1865 635 1905 664 γε
1929 621 1988 663 οὐχ

194 671 254 695 etc.
288 663 466 703 legebatur.
513 660 605 696 Quae
640 663 825 692 emendatio
856 674 1035 702 quanquam
1069 665 1210 694 codicum
1238 663 1420 694 Vindobon.
1447 666 1517 695 123.
1543 672 1576 694 et
1598 665 1782 705 Augustani
1807 667 1894 696 tertii
1919 668 1987 697 suf-

192 706 308 745 fragiis
345 706 474 741 111111111,
509 704 698 742 particulam
735 716 768 744 γε
794 712 900 735 13111911
927 716 990 734 non
1016 705 1188 735 abiecerint
1215 707 1347 736 omnino
1372 707 1427 736 sed
1452 707 1590 737 alterum
1615 709 1780 738 enunciati
1806 710 1986 739 membrum

193 748 276 786 quod
300 747 534 786 quodammodo
559 747 658 784 priori
685 748 867 785 oppositum
893 754 952 783 est⁷
979 755 1013 777 ut
1038 759 1106 777 cum
1133 749 1254 777 maiore
1285 750 1314 777 vi
1340 749 1495 778 efferatur
1518 749 1713 788 lectorisque
1737 751 1865 780 animus
1890 751 1929 781 ad
1954 752 1985 781 id

192 790 310 819 fortius
333 788 530 824 intendatur,
554 789 585 818 id
610 790 691 827 quod
717 790 881 819 sententia
906 789 1076 829 efflagitat,
1101 792 1354 828 transpositione
1380 791 1584 822 scribendum
1611 793 1807 823 censuerim:
1831 790 1988 824 κάκεῖνα

193 830 236 863 δέ
268 842 306 872 γε
342 828 393 860 ὅτι
418 837 479 859 etc.
528 830 698 868 Exemplis
725 833 756 860 in
783 842 816 860 re
841 837 919 860 nota
944 842 1008 861 non
1034 842 1112 870 opus
1138 840 1187 862 est
1213 833 1408 871 cupidosque
1433 834 1572 863 amando
1595 834 1633 863 ad
1660 844 1748 864 meas
1773 834 1986 865 Observatio-

193 883 252 904 nes
275 875 307 902 in
332 871 485 910 Xenoph.
512 872 601 904 Hell.
627 883 656 903 a.
684 874 773 904 18:39.
799 884 827 910 p.
854 874 902 903 12.

319 913 446 954 Nigrin.
471 925 496 946 e.
525 916 571 944 14.
607 913 661 945 καὶ
695 916 753 944 τοῦ
778 912 918 955 κήρυκος
942 911 1135 951 ἀνειπόντος
1158 913 1207 946 ὅτι
1233 915 1325 955 παρὰ
1349 915 1403 945 τὴν
1426 914 1524 955 νόμον
1548 914 1686 958 ἐποίησε
1708 915 1845 959 τοιαύτῃ
1870 917 1988 960 ἐσθῆτι

191 953 360 995 θεώμενος
394 963 453 986 etc.
501 956 652 986 Demiror
682 956 892 986 Iacobitzium
929 957 960 985 in
997 957 1112 986 vitiata
1148 957 1206 987 bae
1240 959 1397 995 scriptura
1423 960 1629 996 acquiescere
1653 969 1745 997 quam
1771 962 1987 991 certissimam

191 998 433 1029 Henlsterhusii
470 998 733 1028 emendationem
769 997 924 1039 ἐποίησεν
958 995 995 1029 ἐν
1030 996 1199 1039 τοιαύτῃ
1236 999 1388 1038 amplecti
1415 999 1581 1030 maluisse.
1627 1000 1709 1031 Nam
1734 1004 1931 1040 praepositio
1956 1002 1988 1034 ἐν

192 1051 286 1079 quam
320 1039 418 1070 facile
453 1041 650 1070 intercidere
686 1041 824 1078 potuerit·
855 1050 906 1070 res
936 1041 1041 1078 posita
1067 1042 1098 1070 in
1125 1041 1228 1071 oculis
1247 1043 1307 1077 ¹⁰).
1354 1042 1450 1071 Conf.
1477 1042 1602 1073 lacobs.
1627 1042 1788 1074 Additam.
1813 1044 1987 1076 Animadv.

191 1084 223 1112 in
248 1082 366 1114 Athen.
391 1094 419 1120 p.
435 1084 484 1113 58.
530 1082 642 1121 Itaque
677 1093 739 1112 non
775 1084 947 1113 temerarie
972 1089 1005 1112 ut
1030 1082 1225 1113 lacobitzius
1249 1084 1402 1113 iudicavit
1431 1084 1534 1114 editor
1561 1085 1729 1115 Parisinus
1754 1086 1810 1116 sed
1835 1087 1987 1116 conside-

191 1131 261 1155 rate
296 1126 377 1165 egit,
413 1125 495 1163 quod
532 1125 793 1154 emendationem
825 1126 1042 1155 necessariam
1073 1124 1163 1155 illam
1194 1136 1274 1164 quae
1299 1126 1355 1155 vix
1391 1126 1530 1156 dubitari
1566 1133 1673 1164 potest
1703 1129 1778 1166 quin
1804 1139 1822 1158 a
1847 1128 1987 1159 Luciani

190 1177 288 1197 manu
312 1168 356 1197 sit
379 1167 536 1204 profecta,
560 1174 736 1205 praeeunte
760 1166 955 1197 Lehmanno
981 1168 1102 1206 recepit
1126 1169 1306 1206 meritoque
1332 1178 1432 1206 nuper
1456 1169 1487 1198 id
1506 1170 1590 1208 quod
1605 1178 1830 1209 exspectaram
1844 1181 1985 1202 assensu

191 1219 249 1239 suo
274 1208 494 1247 comprobarit
519 1211 616 1239 etiam
640 1209 844 1240 Fritzschius
869 1210 907 1239 ad
934 1209 1029 1240 Arist.
1059 1209 1140 1239 Ran.
1166 1211 1237 1241 941.
1261 1221 1289 1248 p.
1315 1211 1386 1242 365.

319 1250 447 1292 Nigr-in.
474 1262 499 1281 c.
525 1253 576 1283 35.
613 1249 675 1292 ἐγιίι
711 1251 747 1283 δὲ
781 1251 864 1288 τέως
884 1250 943 1290 μὲν
965 1247 1085 1292 ἤκουον
1109 1249 1211 1283 αὐτοῦ
1234 1252 1392 1294 τεθηπὼς
1414 1252 1458 1294 μὴ
1483 1251 1638 1296 σιωπήσῃ
1660 1252 1716 1285 καὶ
1738 1254 1986 1296 πεφοβημένοςε

191 1294 336 1324 ordinem
371 1293 541 1324 verborum
576 1293 797 1332 perturbatum
834 1293 893 1324 hoc
928 1295 1022 1324 modo
1046 1295 1216 1324 restituas:
1249 1295 1406 1334 τεθηπώς
1429 1295 1483 1327 καὶ
1505 1295 1551 1338 μὴ
1575 1293 1730 1338 σιωπήσῃ
1753 1298 1989 1340 πεφοβημένος

190 1335 243 1366 vel
267 1336 348 1375 quod
373 1343 533 1374 praestat:
558 1335 713 1376 τεθηπὼς
737 1335 792 1367 καὶ
815 1336 1049 1377 πεφοθημένος
1070 1335 1114 1375 μὴ
1138 1335 1301 1379 σιωπήσῃ.

319 1378 451 1419 Nigrin.
477 1389 502 1410 c.
529 1378 578 1409 37.
603 1379 639 1409 τό
665 1378 701 1409 δὲ
725 1377 857 1417 ἐνεχθὲν
881 1375 916 1410 εἶ]
939 1377 1030 1418 μάλα
1054 1376 1191 1416 ἐντόνως
1219 1380 1273 1411 καὶ
1303 1377 1470 1422 διακόψαν
1493 1376 1567 1421 ιῖἶχρι
1590 1381 1649 1412 τοῦ
1673 1381 1818 1412 διελθεῖν
1840 1381 1930 1421 μένει
1952 1395 1987 1414 τε

190 1418 244 1452 καὶ
268 1419 437 1451 πο).ὐ“τοῦ
461 1419 640 1462 φαρμάκου
663 1418 810 1462 ἀφίησιν.
858 1421 1066 1451 Vocabulum
1096 1419 1233 1458 ἐντόνως
1257 1433 1405 1463 magnam
1432 1424 1651 1461 suspicionem
1677 1431 1785 1453 movet
1815 1425 1898 1462 quod
1923 1426 1989 1456 nisi

191 1462 251 1493 hoc
273 1473 337 1492 uno
364 1461 436 1493 loco
460 1464 543 1501 apud
569 1464 750 1493 Lucianum
776 1474 839 1493 non
865 1462 985 1503 legitur
1008 1465 1102 1502 idque
1126 1472 1289 1502 receptum
1315 1466 1440 1495 demum
1466 1466 1661 1495 auctoritate
1676 1464 1900 1497 cod.Vind0b.
1918 1468 1987 1499 123.

190 1515 246 1542 pro
270 1502 452 1541 εὐτόνως.
500 1505 541 1535 At
567 1507 593 1534 si
619 1506 797 1535 attenderis
822 1506 862 1535 ad
886 1517 978 1535 usum
1004 1506 1205 1536 Lucianeum
1230 1506 1327 1548 longe
1351 1507 1551 1545 probabilius
1576 1507 1738 1538 videbitur
1762 1510 1986 1547 reponendum

190 1543 388 1585 εὐστόχως
411 1548 492 1586 quod
519 1547 614 1577 facile
639 1549 671 1577 in
697 1545 871 1585 εὐτόνως
894 1548 1099 1578 librariorum
1125 1560 1232 1579 errore
1257 1551 1416 1587 corrumpi
1442 1551 1553 1587 potuit.
1588 1549 1733 1589 Namque
1757 1558 1892 1581 utuntur
1915 1563 1987 1582 cum
2009 1548 2018 1551 ’

189 1590 390 1627 antiquiores
415 1591 591 1628 scriptores
616 1598 681 1619 tum
707 1591 910 1628 potissimum
937 1591 1102 1621 Lucianus
1127 1591 1186 1621 bac
1211 1602 1288 1621 voce
1312 1591 1418 1622 verbis
1443 1591 1648 1622 iaculandi
1675 1599 1705 1621 et
1729 1592 1921 1631 loquendi
1940 1595 1987 1625 ita

191 1632 376 1661 consociata
397 1638 429 1661 ut
450 1633 488 1661 de
509 1631 574 1662 telo
594 1633 697 1671 perite
726 1640 874 1663 contorto
899 1634 1019 1671 pariter
1043 1634 1170 1663 dicatur
1194 1644 1231 1663 ac
1255 1635 1292 1663 de
1317 1644 1465 1664 sermone
1489 1635 1580 1674 gravi
1605 1636 1810 1674 animumque
1835 1636 1986 1667 feriente.

190 1674 286 1704 Conf.
312 1673 399 1704 Bast.
425 1675 530 1712 Epist.
555 1675 636 1705 Crit.
664 1686 691 1713 p.
716 1675 788 1705 23⁴.
814 1675 939 1705 Iacobs.
975 1676 1013 1705 ad
1044 1675 1163 1706 Achill.
1189 1676 1265 1706 Tat.
1291 1687 1319 1715 p,
1346 1677 1417 1707 554.
1462 1677 1566 1715 Atque
1590 1679 1731 1715 priorem
1756 1677 1917 1708 formulae
1941 1680 1984 1708 si-

293 1802 322 1827 9)
343 1800 472 1825 Ceterum
493 1801 519 1825 111
540 1801 669 1826 absoluto
690 1809 738 1826 usu
761 1792 837 1826 (serbi
857 1804 1042 1835 καταφρονεῖν
1070 1810 1120 1833 pro
1149 1803 1342 1835 ᾳρονηματίαν
1362 1798 1429 1827 εἶναι
1449 1801 1467 1826 i.
1488 1810 1510 1826 e.
1533 1802 1621 1827 {astu
1641 1802 1776 1833 efferri,
1797 1806 1943 1836 turgere,
1963 1805 1985 1829 si

193 1831 254 1865 quis
278 1834 401 1859 offendat
420 1835 533 1860 tolletur
552 1836 640 1860 omnis
659 1836 808 1868 scrupulus
828 1841 854 1860 et
873 1836 1008 1860 dubitatio
1029 1836 1163 1868 inspectis
1183 1836 1217 1861 iis
1233 1844 1302 1867 quae
1322 1835 1470 1861 edisseruit
1490 1836 1654 1861 Schaeterus
1663 1837 1696 1861 ad
1708 1839 1845 1862 Demosth.
1857 1838 1878 1863 1.
1891 1847 1915 1870 p.
1926 1839 1985 1866 472.

295 1876 338 1905 10)
361 1877 402 1901 Ad
432 1885 491 1901 eum
512 1877 615 1907 locum,
645 1885 724 1909 quem
748 1882 774 1901 ut
795 1877 857 1902 labe
877 1878 993 1909 quadam
1014 1878 1183 1909 inquinatum
1203 1878 1268 1903 mihi
1290 1878 1380 1903 notavi
1402 1886 1436 1903 ex
1457 1878 1565 1903 Arrian.
1586 1881 1619 1903 Π.
1641 1878 1680 1904 ll.
1699 1878 1724 1903 6.
1743 1880 1788 1904 καὶ
1808 1879 1867 1904 ἕστε
1884 1879 1938 1912 μὲν
1956 1879 1987 1906 ὁ-

191 1909 289 1938 μαλοῖς
311 1913 424 1945 χωρίοις
452 1910 482 1935 ἐν
510 1911 540 1944 τῇ
569 1911 644 1945 1111γῇ
664 1910 811 1944 ἐτύγχανεν
830 1910 875 1935 ἐπὶ
895 1912 940 1936 τοῦ
960 1910 1081 1946 ἅρματος
1099 1911 1236 1941 διεσώζετο
1257 1912 1325 1937 1111111
1346 1916 1450 1937 monuit
1470 1912 1633 1937 Ellendtius.
1672 1912 1727 1938 Sed
1747 1916 1779 1938 ad
1799 1914 1909 1939 Arrian.
1929 1914 1985 1940 111.

191 1942 231 1968 21.
252 1942 292 1968 14.
313 1944 357 1968 ubi
378 1945 411 1969 de
432 1945 507 1970 varia
527 1946 647 1970 lectione
667 1947 814 1970 verborum
834 1943 1019 1978 ἐντυγχάνειν,
1040 1945 1254 1981 προςτυγχιὶνειν
1273 1951 1298 1970 91
1315 1944 1507 1979 ἐπιτυγχάνειν
1526 1954 1676 1978 eorumque
1695 1948 1768 1978 apud
1788 1947 1986 1974 Nicomedien-

191 1985 250 2001 sem
269 1985 319 2002 usu
339 1979 438 2009 agitur,
459 1986 512 2009 ego
532 1978 580 2003 vix
600 1979 666 2003 satis
685 1979 776 2011 capio.r
796 1980 935 2010 quomodo
955 1980 1058 2005 amicus
1078 1988 1154 2006 meus
1173 1980 1367 2005 nonnullorum
1388 1981 1467 2005 codd.
1489 1986 1515 2005 et
1535 1980 1594 2005 edd.
1614 1985 1672 2005 vett
1700 1981 1864 2011 scripturam
1884 1980 1987 2015 τυγχά-

192 2018 232 2035 νει
252 2011 370 2043 probare
389 2017 415 2036 et
433 2013 528 2038 dicere
548 2013 673 2045 potuerit
693 2021 757 2038 non
777 2014 903 2044 absque
923 2014 1011 2038 omni
1032 2014 1168 2039 ratione
1188 2014 1219 2039 id
1239 2015 1400 2045 scriptum
1420 2022 1481 2039 esse
1500 2018 1561 2040 loco
1581 2014 1614 2039 de
1630 2022 1683 2046 quo
1695 2022 1784 2040 sermo
1797 2021 1838 2040 est
1849 2022 1985 2048 respecto.

192 2045 228 2068 At
248 2044 378 2075 loquendi
398 2047 623 2072 consuetudinem
644 2052 733 2072 tamen
754 2047 818 2072 huic
837 2047 938 2073 rationi
959 2048 1101 2073 adversari
1122 2056 1201 2073 nemo
1222 2048 1330 2073 infitias
1351 2048 1409 2073 ibit.
1464 2049 1593 2078 Quisnam
1615 2049 1712 2073 amabo
1731 2049 1851 2082 simplex
1872 2050 1985 2075 verbum

191 2077 336 2110 τυγχάνειν
356 2079 469 2104 notione
487 2080 630 2111 compositi
650 2078 827 2114 ἐντυγχάνειν
846 2082 989 2114 usurparit
1009 2082 1144 2114 unquam?
1165 2081 1249 2114 quid?
1269 2082 1301 2107 ad
1322 2089 1397 2107 suam
1418 2083 1550 2107 rationem
1570 2082 1762 2107 stabiliendam
1783 2083 1845 2114 quis
1866 2091 1985 2115 unquam

191 2111 282 2137 locum
309 2113 401 2138 attulit
429 2113 463 2138 de
482 2113 561 2139 cuius
582 2114 738 2148 integritate
759 2115 835 2139 suere
854 2115 900 2147 qui
919 2115 1085 2141 dubitarent.
1123 2116 1267 2141 Dubitavit
1287 2122 1376 2141 autem
1397 2121 1422 2141 et
1443 2121 1515 2140 recte
1534 2116 1645 2148 quidem
1667 2116 1854 2142 Schneiderus
1873 2121 1920 2149 qui
1939 2117 1985 2142 ἑν-

190 2143 337 2178 ετύγχανεν
366 2147 505 2180 pervoluit
534 2147 667 2179 cuiusque
689 2149 907 2175 emendationem
927 2150 1137 2180 praeferendam
1157 2151 1238 2176 duxit
1258 2150 1375 2175 Carolus
1396 2150 1562 2175 Guilielmus
1581 2150 1726 2182 Kriigerus
1746 2150 1868 2182 Pflugkii
1889 2151 1987 2177 conie-

189 2185 300 2205 cturae:
321 2180 379 2206 ἔστε
397 2180 450 2211 μὲν
469 2180 499 2206 ἓν
517 2179 630 2214 ὁμαλοῖς
644 2185 756 2215 χωρίοις
773 2182 788 2214 ἡ
806 2182 881 2216 φυγὴ
900 2182 1056 2216 ἐτύγχανεν.
1110 2184 1192 2210 Conf.
1213 2184 1301 2216 Kriig.
1320 2186 1409 2209 Praef.
1430 2193 1454 2215 p.
1476 2184 1562 2210 vni.
1581 2184 1683 2209 Locum
1703 2193 1764 2209 cum
1783 2185 1936 2217 aliquando
1956 2185 1983 2210 in

190 2221 305 2239 numero
325 2223 420 2239 eorum
441 2218 582 2245 referrem,
602 2215 628 2240 in
649 2217 748 2247 quibus
768 2219 942 2248 praepositio
961 2218 992 2243 ἐν
1011 2218 1093 2244 facile
1112 2225 1126 2242 a
1146 2218 1322 2252 praecedenti
1343 2218 1453 2250 syllaba
1472 2218 1617 2243 absorberi
1638 2219 1726 2249 potnit
1746 2218 1820 2244 nulla
1840 2222 1900 2244 fere
1920 2227 1983 2244 ver-

190 2247 287 2273 borum
307 2253 456 2274 mutatione
476 2252 548 2274 facta
569 2250 717 2274 tentabam:
739 2250 797 2276 ἔστε
811 2251 865 2284 μὲν
884 2250 913 2276 ἐν
932 2249 1045 2284 ὁμαλοῖς
1060 2254 1171 2286 χωρίοις
1189 2251 1219 2276 ἓν
1237 2253 1268 2285 τῇ
1286 2252 1361 2286 φυγῇ
1381 2249 1537 2284 ἐτύγχανεν.
1558 2251 1669 2283 Quippe
1689 2256 1813 2284 quamvls
1834 2252 1898 2278 mihi
1912 2253 1982 2278 haud

190 2280 313 2307 diffitear
341 2283 440 2307 melius
469 2283 559 2308 videri
588 2283 611 2308 si
631 2284 767 2309 Arrianus
785 2286 958 2316 scripsisset:
988 2285 1045 2311 ἔστε
1068 2286 1120 2316 μὲν
1142 2285 1172 2310 ἔν
1196 2284 1308 2315 ὁμαλοῖς
1322 2288 1435 2320 χωρίοις
1454 2284 1586 2319 φεύγων
1604 2283 1765 2318 ἐτύγχανεν,
1794 2291 1882 2311 tamen
1901 2294 1981 2312 nemo

190 2315 290 2349 opinor
310 2316 394 2341 hodie
413 2316 583 2342 desiderabit
602 2317 779 2349 varticipium
799 2319 876 2344 verbi
895 2319 1059 2345 substantivi
1079 2323 1217 2345 omissum.
1255 2320 1378 2346 Consule
1398 2320 1571 2346 Lobeckium
1591 2323 1625 2346 ad
1643 2321 1746 2352 Pht-yn.
1766 2320 1860 2354 p.⁴277.

1684 2362 1728 2393 2*
