2318 2945
1096 255 1146 286 23

226 358 275 390 sit.
298 358 355 395 283
392 357 517 389 Saturn.
542 359 591 390 32.
627 358 710 399 quod
743 359 787 388 ita
818 357 950 388 variavit
984 356 1062 398 Lys.
1088 355 1143 388 Or.
1167 356 1212 389 X.
1235 357 1286 389 20.
1323 358 1425 389 πολλὰ
1451 357 1487 389 δὲ
1515 358 1648 388 τοιαῦτα
1671 358 1723 388 καὶ
1748 355 1831 390 ἄλλα
1856 358 1951 397 ἐστίν,
1977 356 2005 391 ὦ

225 397 341 443 ἄνδρες
365 402 526 434 δικασταί.

337 442 498 474 Prometh.
521 443 552 475 ll.
576 453 600 474 c.
624 442 652 475 9.
689 441 709 486 ἢ
731 442 763 475 τί
795 443 855 483 γὰρ
890 439 928 473 ‹³22›
962 441 1114 483 ἐποίησεν
1149 437 1250 479 οὗτος
1275 441 1350 473 ὅλον
1371 444 1452 483 βοῦν
1475 440 1642 479 ἀπολέσας
1665 441 1690 473 εἶ
1715 445 1836 484 κρεῶν
1860 440 2006 483 ὀλίγων

224 485 336 518 ἕνεκα
369 487 546 528 τηλικαῦτα
581 483 760 527 &wigstan
799 483 881 514 Mihi
914 485 1160 525 quotiescunque
1194 484 1225 514 in
1258 483 1341 515 hunc
1374 484 1476 515 locum
1510 483 1605 515 incidi
1633 489 1663 514 et
1690 484 1802 514 iterum
1825 485 2000 526 iterumque

223 527 363 569 inspexi,
398 539 435 559 ea
463 527 601 569 suspicio
625 529 752 559 suborta
774 533 822 558 est
844 537 918 556 num
943 525 1021 556 bene
1045 526 1179 557 editores
1202 527 1408 557 recentissimi
1432 527 1564 558 fontium
1588 525 1764 558 auctoritati
1789 537 1824 557 ac
1847 527 1918 558 fidei
1942 527 1998 558 ob-

224 570 441 603 secundarent.
488 570 642 602 Videntur
674 569 800 611 quidem
834 572 917 599 recte
950 568 1064 599 fecisse
1098 568 1182 609 quod
1209 568 1285 599 illud
1314 571 1492 600 asciverunt
1519 569 1601 610 quod
1625 569 1772 600 maiorem
1797 580 1814 599 a
1838 569 2000 601 codicibus

224 612 339 644 habere
362 618 508 653 putarent
531 612 747 644 auctoritatem
772 610 827 641 sed
851 610 958 641 credat
981 611 1033 651 qui
1057 611 1138 642 volet
1161 610 1221 642 hoc
1244 622 1262 641 a
1285 611 1428 643 Luciano
1450 614 1623 653 profectum
1647 622 1725 643 esse.
1771 611 1880 642 Altera
1908 611 2001 643 lectio

224 666 320 696 quam
353 656 415 686 duo
449 655 572 687 codices
605 659 786 694 veteresque
815 653 967 684 editiones
997 653 1199 695 suppeditant
1222 657 1358 686 τοιαῦτα
1383 655 1549 697 ἐργάζεται
1572 665 1651 695 quae
1675 660 1705 685 et
1727 654 1796 695 ipsa
1819 653 1904 684 haud
1927 664 2001 685 sane

223 697 408 729 deteriorem
443 709 513 729 meo
546 697 672 738 quidem
706 696 822 726 iudicio
857 695 1042 726 seutentiam
1076 696 1205 737 praebet
1239 697 1446 727 necessariam
1477 696 1590 727 redidit
1612 696 1874 739 praepositionem
1898 696 2001 729 ἕνεκα.

224 739 290 772 Sed
314 751 384 771 cum
408 740 533 771 difficile
556 739 641 769 dictu
665 738 704 769 sit
727 744 831 769 utrum
856 739 895 768 ab
918 738 987 779 ipsa
1010 738 1143 770 Luciani
1168 749 1263 769 manu
1286 740 1474 780 provenerit,
1498 739 1529 769 id
1553 746 1656 770 tamen
1681 745 1813 776 constat,
1836 738 1889 770 illa
1910 749 2003 781 prae-

221 782 376 824 positione
398 783 429 813 in
452 786 575 823 recepta
599 781 752 822 scriptura
776 780 972 822 supersederi
996 791 1100 822 posse.
1148 780 1218 812 Non
1242 781 1351 822 ignoro
1375 782 1521 822 equidem
1544 781 1575 812 in
1598 782 1664 824 pari
1688 781 1811 812 dicendi
1834 792 1948 823 genere
1970 786 2002 813 et

220 825 418 867 grammatici
452 831 482 855 et
512 825 697 864 interpretes
731 823 770 854 ab
804 823 865 854 ista
902 823 1131 864 praepositione
1163 835 1254 865 opem
1288 823 1446 864 fidemque
1480 831 1584 865 petere
1627 824 1725 856 solere
1758 830 1791 855 ut
1825 824 2000 866 genitivum

221 878 366 899 caussam
389 867 576 898 indicantem
600 866 734 897 enodent
758 876 851 906 quem
873 868 969 897 verba
992 866 1161 898 affectuum
1185 872 1296 908 suapte
1319 872 1430 897 natura
1446 867 1636 909 efflagitant3
1661 874 1691 898 at
1709 878 1742 898 re
1754 877 1828 897 vera
1840 877 2002 907 nunquam

223 916 377 950 quantum
400 909 563 940 observavi
587 909 690 951 posita
712 920 749 940 ea
772 913 824 940 est.
872 909 986 950 Apage
1009 909 1106 951 igitur
1127 909 1220 940 istam
1240 909 1430 951 sartaginem
1442 909 1619 951 loquendia
1634 909 1788 947 Luciano,
1813 909 1866 950 qui
1880 919 2005 950 semper

221 954 288 984 fere
302 951 593 994 probatissimorum
610 951 798 993 scriptorum
813 961 907 982 usum
926 952 1015 991 sequi
1040 951 1212 984 consuevit.
1257 951 1381 993 Legas:
1407 951 1440 985 εἰ
1464 955 1587 995 κρεῶν
1611 951 1758 995 ὀλίγων
1781 953 2005 995 τηλικαῦτα

223 994 439 1037 ὀργίζεται,
473 993 563 1024 cuius
596 993 742 1026 dictionis
775 994 911 1035 ingenue
938 995 1038 1025 fateor
1061 1006 1142 1025 nunc
1165 994 1292 1035 quidem
1315 994 1346 1025 in
1369 1002 1494 1036 promtu
1518 994 1594 1025 mihi
1618 1006 1678 1026 non
1701 995 1831 1026 alterum
1856 1006 1926 1026 esse
1948 1005 2006 1026 ex·

221 1037 358 1078 emplum
380 1035 440 1066 nisi
464 1036 547 1076 quod
569 1037 675 1068 notavi
699 1048 715 1068 e
738 1035 887 1076 Xenoph.
901 1035 1041 1069 Hell.lll.
1055 1038 1125 1069 5.5.
1152 1037 1183 1070 οὶ
1205 1038 1314 1078 μέντοι
1337 1037 1601 1077 Λακεδαιμόνιοι
1625 1038 1760 1078 ἅσμενοι
1784 1038 1902 1078 ἔλαβον
1925 1038 2008 1080 πρό-

221 1092 323 1122 φασιν
335 1079 521 1121 στρατεύειν
533 1079 587 1112 ἐπὶ
602 1080 678 1118 τοὺς
694 1079 862 1121 Θηβαίους
879 1077 984 1111 πάλαι
1010 1078 1269 1122 ὀργιζόμενοι
1295 1078 1431 1118 αὐτοῖς
1453 1084 1521 1121 τῆς
1543 1093 1582 1112 τε
1606 1079 1858 1122 ἀντιλήψεως
1880 1083 1936 1122 τῆς
1955 1081 2012 1111 τοῦ

215 1121 424 1159 ’Λπόλλωνος
459 1121 595 1164 δεκάτης
629 1122 661 1154 ἕν
684 1122 841 1163 Δεκελείᾳ
875 1121 929 1154 καὶ
966 1126 1034 1153 τοῦ
1068 1122 1125 1154 ἐπὶ
1158 1123 1214 1154 τὸν
1236 1124 1381 1162 Πειραιᾶ
1404 1123 1454 1165 μὴ
1478 1124 1676 1163 ἐθελῆσαι
1699 1122 1928 1164 ἀκολουθῆσαι
1954 1121 2010 1152 sed

220 1163 292 1196 vide
325 1163 378 1205 qui
412 1174 481 1194 eam
520 1175 585 1195 rem
631 1164 708 1195 bene
753 1163 921 1206 explicavit
961 1163 1180 1195 Hermannum
1217 1163 1255 1194 de
1294 1165 1395 1206 ellipsi
1428 1170 1458 1196 et
1490 1165 1589 1205 pleon.
1623 1164 1655 1195 in
1689 1175 1803 1206 graeca
1835 1163 1945 1205 lingua
1977 1164 2009 1194 in

221 1205 339 1248 Opusc.
364 1206 380 1237 l.
409 1206 478 1238 183.

335 1248 419 1280 Dial.
444 1248 541 1283 Deor.
564 1248 605 1282 V.
629 1250 659 1282 3.
698 1247 806 1283 οὐκέτι
828 1250 947 1293 μέμψῃ
969 1262 1028 1290 μοι
1061 1248 1362 1291 προτιμότερον
1390 1252 1448 1281 τοῦ
1472 1250 1626 1291 νέκταρος
1649 1248 1788 1292 οἰομένῳ
1816 1249 1848 1280 τὸ
1873 1248 2001 1291 φίλημα

218 1288 310 1325 εἶναι.
353 1290 425 1322 Non
449 1291 564 1323 damno
587 1292 696 1333 utique
718 1291 882 1323 lectionem
907 1291 1148 1334 προτιμότερον
1165 1303 1244 1333 quae
1260 1302 1316 1333 per
1336 1303 1369 1323 se
1388 1298 1529 1334 spectata
1542 1291 1745 1323 nihilhabeat
1759 1290 1842 1332 quod
1855 1291 2001 1323 offendat.

217 1335 264 1366 At
297 1334 351 1365 vix
384 1334 488 1365 dicere
521 1346 650 1376 possum
679 1340 796 1376 quanto
819 1345 913 1375 opere
937 1334 1091 1376 scriptura
1116 1333 1343 1377 ποτιμώτερον
1367 1334 1500 1365 arrideat
1523 1346 1603 1376 quae
1626 1334 1707 1365 male
1730 1346 1745 1365 e
1770 1334 1877 1365 colice
1900 1333 2002 1366 Paris.

221 1378 309 1410 1428.
344 1377 563 1421 ποτιμόῑερον
585 1380 732 1416 refertur,
757 1384 839 1408 recte
863 1388 879 1408 e
903 1377 1010 1408 codice
1033 1376 1133 1409 Paris.
1162 1377 1250 1409 1310.
1274 1377 1304 1407 in
1328 1377 1430 1408 Boiss.
1454 1377 1576 1408 Anecd.
1602 1375 1658 1409 Gr,
1682 1377 1732 1409 lV.
1757 1377 1827 1409 468.
1851 1383 2005 1408 enotatur.

217 1419 255 1452 Id
287 1420 391 1461 ipsum
417 1419 683 1461 Wyttenbachius
713 1420 891 1451 coniectura
913 1420 1034 1460 prolata
1057 1419 1108 1450 illa
1131 1420 1161 1450 in
1186 1419 1286 1461 Epist.
1311 1420 1378 1452 crit.
1402 1431 1432 1460 p.
1457 1421 1530 1452 271.
1554 1420 1601 1451 ed.
1626 1419 1715 1461 Lips.
1740 1425 1903 1451 assecutus
1927 1426 2001 1451 erat.

218 1462 355 1494 Videtur
388 1473 424 1493 ea
456 1463 549 1494 lectio
583 1463 677 1494 etiam
702 1463 831 1494 Struvio
853 1463 884 1493 in
910 1461 1031 1504 Opusc.
1057 1462 1085 1494 ll.
1109 1465 1159 1495 65.
1182 1462 1347 1504 placuisse.
1395 1462 1516 1493 Vocem
1542 1462 1682 1504 πότιμος
1704 1473 1773 1493 esse
1796 1461 1937 1493 Platonis
1962 1462 2005 1492 ait

220 1504 485 1547 Wyttenbachius
518 1505 602 1537 unde
635 1507 665 1536 in
700 1505 903 1547 multiplicem
939 1516 1030 1536 usum
1062 1505 1248 1547 scriptorum
1277 1516 1422 1536 manasse
1446 1511 1610 1547 appareat,
1647 1505 1700 1546 qui
1723 1516 1823 1547 genus
1848 1504 2004 1536 scribendi

219 1547 380 1579 vocabulis
415 1559 451 1579 ac
484 1548 622 1580 flosculis
656 1559 694 1580 ex
729 1548 861 1580 Atthide
894 1547 1050 1589 decerptis
1073 1548 1178 1579 fucare
1202 1547 1364 1579 voluerint.
1410 1546 1522 1588 Neque
1552 1555 1656 1579 tamen
1681 1549 1766 1589 prius
1791 1547 1830 1578 ab
1853 1547 2003 1579 hocloco

219 1589 379 1622 discedam
414 1602 509 1631 quam
540 1598 571 1622 et
592 1602 652 1633 ego
674 1602 866 1633 proposuero
890 1591 1101 1622 coniecturam
1124 1601 1204 1631 quae
1227 1591 1367 1632 proxime
1391 1590 1431 1621 ad
1455 1590 1601 1621 vitiosam
1625 1590 1741 1621 codicis
1767 1590 1900 1621 parisini
1924 1589 2003 1621 scri-

218 1638 342 1675 pturam
367 1634 495 1666 accedit.
530 1633 654 1665 Censeo
677 1633 758 1665 enim
783 1634 964 1665 delitescere
987 1633 1018 1664 in
1036 1644 1088 1664 ea:
1114 1633 1419 1675 ποθεινότερον,
1444 1645 1480 1663 eo
1503 1644 1608 1670 sensu,
1634 1640 1667 1664 ut
1681 1633 1800 1675 Iupiter
1817 1633 1906 1664 cuius
1930 1638 2001 1664 sunt

219 1687 257 1708 ea
279 1675 374 1707 verba
397 1678 529 1719 aperiat:
564 1677 686 1708 maius
721 1688 759 1708 se
784 1676 1026 1718 Ganymedis
1060 1687 1170 1717 quam
1206 1678 1378 1707 nectaris
1410 1676 1556 1707 habere
1580 1675 1827 1707 desiderium.
1872 1676 1907 1707 In
1931 1686 1999 1707 eam

220 1719 405 1751 sententiam
428 1719 541 1751 Iunoni
569 1719 751 1760 respondet:
797 1718 907 1752 οὑτοσὶ
944 1720 1005 1761 γὰρ
1034 1718 1050 1750 ὃ
1078 1719 1258 1762 θηλυδρίας
1282 1746 1287 1751 .
1313 1745 1319 1750 .
1345 1718 1444 1760 ἧὸιίιιν
1467 1718 1543 1757 ἐμοὶ
1565 1719 1618 1751 καὶ
1643 1718 1885 1761 ποθεινότερος.
1932 1717 2000 1748 Ad-

218 1762 367 1794 iectivum
391 1769 495 1793 autem
519 1763 679 1801 ποθεινὸς
701 1769 767 1794 tum
790 1762 830 1793 de
856 1761 982 1793 homine
1004 1763 1100 1800 (conf.
1126 1761 1196 1793 Vot.
1223 1762 1287 1801 4⁷3.)
1311 1768 1377 1793 tum
1401 1761 1440 1792 de
1462 1773 1494 1792 re
1518 1772 1616 1802 aeque
1640 1761 1717 1792 bene
1742 1760 1885 1802 usurpari
1908 1770 2002 1802 posse

218 1816 310 1836 nemo
334 1805 471 1846 negabit.
515 1805 639 1836 Ultima
672 1805 768 1836 verba
795 1805 879 1836 solus
902 1803 1100 1835 Fritzsehius
1129 1804 1172 1835 ita
1196 1804 1379 1835 excudenda
1403 1804 1521 1835 curavit
1547 1810 1577 1834 et
1599 1810 1682 1835 recte
1706 1803 1832 1845 quidem
1856 1814 1916 1834 non
1941 1813 2002 1843 quo

218 1859 255 1879 ea
278 1847 370 1878 lectio
393 1848 578 1879 auctoritate
601 1848 693 1879 trium
718 1848 860 1879 codicum
884 1847 1001 1878 nitatur
1024 1858 1094 1878 cum
1119 1846 1233 1888 quibus
1257 1847 1351 1878 etiam
1376 1846 1474 1878 codex
1490 1847 1579 1879 1310.
1593 1846 1677 1888 apud
1691 1846 1793 1878 Boiss.
1808 1846 1825 1877 l.
1838 1856 1863 1877 c.
1878 1845 1917 1878 V.
1935 1846 2001 1878 148.

219 1897 364 1922 accurate
387 1890 532 1932 congruit
555 1890 610 1922 sed
635 1891 708 1931 quia
730 1891 831 1922 maior
854 1890 1027 1921 sententia-e
1051 1890 1259 1932 perspicuitas
1282 1901 1453 1931 pronomen
1476 1888 1632 1930 requirere
1651 1889 1782 1920 videtur.
1800 1889 1884 1920 -In
1897 1888 2003 1919 verbis

218 1933 347 1965 Iunonis
371 1945 450 1976 quae
474 1933 723 1974 subsequuntur:
748 1936 976 1977 παιδεραστιῦν
1000 1928 1090 1965 οὗτοι
1117 1933 1206 1974 λόγοι
1231 1933 1396 1964 articulum
1425 1943 1517 1975 quem
1542 1931 1665 1963 codices
1691 1930 1795 1963 Guelf.
1820 1942 1864 1972 pr.
1889 1938 1918 1962 et
1942 1931 2004 1962 duo

219 1975 355 2008 Parisini
374 1977 572 2010 2956.2957.
595 1981 770 2018 suggerunt
793 1987 832 2007 ex
854 1976 962 2007 eodem
986 1975 1094 2006 codice
1120 1976 1208 2007 1310.
1232 1975 1285 2017 qui
1308 1982 1337 2006 et
1361 1979 1428 2017 ipse
1452 1976 1541 2007 οὗτοι
1565 1974 1593 2006 οἱ
1619 1976 1709 2016 λόγοι
1733 1973 1869 2011 exhibet,
1894 1973 2005 2015 probat

220 2018 323 2051 Boiss.
343 2019 463 2051 Anecd.
479 2018 534 2051 Gr.
547 2019 588 2052 V.
604 2020 672 2052 148.
718 2019 898 2050 Articulum
921 2030 981 2050 non
1005 2018 1216 2049 necessarium
1240 2029 1308 2049 esse
1332 2018 1466 2049 editores
1489 2017 1650 2048 novissimi
1675 2018 1754 2049 bene
1777 2017 2006 2048 intellexerunt.

337 2061 420 2094 Dial.
446 2062 542 2094 Deor.
566 2061 643 2093 Xlll.
671 2064 694 2094 1.
721 2061 803 2095 ἀλλὰ
827 2061 908 2103 (ἀλλ’
925 2061 1018 2092 Diud.
1040 2061 1078 2092 de
1101 2072 1157 2092 suo
1182 2061 1280 2093 dedit)
1306 2061 1434 2100 ἐθέλεις
1459 2059 1484 2093 ὦ
1508 2063 1572 2093 Ζεῦ
1596 2062 1722 2092 zomon*
1746 2061 1800 2092 τὸν
1824 2059 2000 2102 φαρμακέα

221 2105 545 2147 προκατακλίνεσθαί
555 2116 634 2145 μοις
659 2105 860 2146 Scripserim:
887 2103 966 2137 ἀλλ)
994 2103 1154 2142 ἐθέλεις
1177 2104 1233 2143 σύ,
1259 2102 1284 2137 ὦ
1309 2107 1422 2137 Ζεῦ...
1438 2103 1521 2145 quod
1535 2103 1574 2134 ad
1586 2103 1853 2134 vehementiorem
1874 2104 1906 2132 in
1929 2113 1999 2133 ver-

220 2147 269 2179 bis
293 2146 441 2178 Herculis
464 2148 692 2189 ingressionem
720 2147 989 2179 accommodatius
1013 2158 1083 2178 esse
1106 2146 1230 2178 videtur
1252 2146 1410 2188 quomodo
1434 2147 1513 2179 Dial.
1538 2147 1629 2178 Deor.
1654 2145 1721 2178 Xll.
1746 2148 1774 2179 2.
1801 2143 1821 2189 ἢ
1843 2144 2003 2183 ἐθέλεις

221 2190 277 2228 οὐ,
302 2188 327 2223 ὦ
350 2193 482 2232 μῆτερ,
508 2189 587 2231 αὐτὴ
611 2192 720 2230 μηκέτι
746 2191 822 2234 ἐρᾶν
847 2205 874 2222 κ.
899 2204 925 2222 τ.
949 2191 975 2221 λ.
1007 2189 1060 2221 ubi
1084 2196 1187 2220 tamen
1211 2189 1293 2231 quod
1318 2188 1515 2221 Fritzschius
1539 2189 1616 2220 citra
1637 2188 1857 2220 necessitatem
1880 2199 1919 2219 ex
1941 2198 2004 2220 uno

222 2233 329 2265 codice
354 2233 449 2264 Paris.
472 2234 588 2274 recepit
611 2232 631 2275 ἲ
655 2235 765 2272 θέλεις
790 2235 827 2266 σὺ
852 2232 931 2276 αι’-τι)
958 2230 981 2264 ὦ
1005 2236 1107 2275 μῆτερ
1130 2246 1162 2270 ιι.
1187 2232 1209 2265 ἒ.
1234 2233 1343 2264 leniter
1366 2232 1552 2264 addubitare
1576 2232 1658 2264 licet.

337 2275 416 2308 Dial.
440 2276 531 2307 Deor.
555 2274 630 2307 Xlll.
654 2278 682 2308 2.
722 2276 793 2308 ἐπεὶ
828 2275 989 2317 ἀράμενός
1018 2289 1052 2309 σε
1078 2275 1168 2318 ῥίψω
1193 2276 1249 2308 ἐπὶ
1272 2277 1417 2317 κεφαλὴν
1441 2276 1476 2308 ἐκ
1502 2279 1559 2308 τοῦ
1584 2275 1721 2317 οὐρανοῦ
1746 2275 1825 2313 digne
1847 2275 1929 2317 μηδὲ
1953 2275 2008 2306 τὸν

221 2321 360 2351 Παιῶνα
384 2318 549 2360 (Παιήονα
561 2319 692 2349 formam
716 2319 798 2349 unde
821 2317 1019 2349 Fritzschius
1043 2318 1189 2349 sumserit
1212 2329 1271 2350 non
1296 2319 1407 2359 liquet)
1432 2318 1629 2352 ἰάσασθαί
1652 2331 1692 2350 οε
1715 2319 1752 2350 τὸ
1776 2316 1906 2359 κρανίον
1931 2329 2005 2349 συν-

221 2362 379 2403 τριβέντα.
427 2359 615 2402 Legendum
639 2371 766 2392 censeo:
792 2361 994 2394 ἰάσεσθαι.
1041 2359 1124 2391 Nam
1148 2372 1202 2392 cur
1225 2361 1359 2392 editores
1383 2360 1422 2392 ad
1446 2373 1542 2392 unum
1566 2372 1674 2392 omnes
1691 2360 1880 2391 infinitivum
1894 2359 2001 2391 aoristi
