2193 2663
1049 236 1101 269 25

175 351 247 374 eum
271 341 343 380 ipsa
366 342 532 372 sententia
557 342 663 372 minus
686 351 759 371 mea
781 341 911 380 quidem
937 343 1090 380 opinione
1113 344 1274 385 congruit,
1297 344 1325 373 si
1350 342 1476 382 quidem
1501 349 1684 380 convertas,
1707 349 1742 372 ut
1766 349 1906 381 oportet:
1931 351 1971 374 et

175 391 262 415 tota
295 382 387 413 huic
419 384 477 414 rei
511 384 646 414 dedita
675 389 744 414 est.
789 382 903 422 Itaque
926 395 986 423 ego
1010 384 1115 415 adhuc
1138 386 1170 415 in
1195 397 1234 416 eo
1258 385 1387 426 ambigo
1411 395 1520 415 annon
1546 385 1638 423 culpa
1662 384 1866 415 librariorum
1891 395 1970 425 quos

175 424 315 457 formula
350 425 407 456 illa
443 426 646 465 frequentius
682 423 846 455 celebrata
881 426 1022 464 decepit,
1059 426 1110 457 bic
1135 428 1306 466 quidquam
1331 435 1494 465 peccatum
1521 429 1564 456 sit
1587 434 1620 457 et
1649 428 1769 457 rectius
1793 427 1970 459 scribatur:

175 468 231 500 καὶ
265 465 326 509 ὅλη
361 467 447 509 πρὸς
477 469 524 509 τῷ
556 464 698 508 τοιούτῳ
731 465 826 498 ἐστίν.
875 468 925 498 De
950 469 1048 499 donio
1072 480 1098 498 c.
1125 472 1173 500 18.
1208 469 1287 506 ὅλος
1310 469 1394 511 πρὸς
1417 472 1485 507 τοῖς
1507 466 1688 510 ὁρωμένοις
1708 467 1788 508 ἐστί,
1813 471 1971 508 quomodo

175 511 352 541 secundum
388 510 540 541 meliores
575 510 703 540 codices
739 508 918 540 Iacobitzio
952 517 1083 540 auctore
1117 512 1206 542 dedit
1242 513 1348 542 editor
1374 513 1555 547 Parisinus,
1590 522 1780 551 quamquam
1819 511 1971 551 vulgatae
1997 539 2007 549 x

175 551 262 590 ὅλως
297 554 520 591 patrocinatus
555 559 606 582 est
641 550 851 582 Fritzschius.
899 551 1046 582 Demost.
1077 554 1109 583 in
1140 561 1222 584 orat.
1247 565 1327 593 quae
1351 562 1400 584 est
1425 555 1464 584 de
1489 553 1574 584 male
1597 562 1679 594 gest.
1704 553 1767 595 leg.
1793 565 1821 592 p.
1846 555 1918 585 273.
1945 557 1971 585 1.

176 596 225 625 ed.
253 595 352 625 Dind.
377 607 405 633 p.
428 596 498 626 380.
522 594 572 623 ed.
597 593 733 624 Reisk.:
763 591 894 634 ἔκφρων
916 590 955 635 ἦν
977 595 1042 625 καὶ
1066 593 1158 632 ὅλος
1186 596 1285 636 πρὸς
1313 597 1364 637 τῷ
1388 594 1533 636 λήμματι
1557 596 1613 627 καὶ
1636 598 1681 638 τῷ
1705 593 1969 638 δωροδοκήματι.

175 636 309 668 Heliod.
336 636 376 666 11.
403 648 428 668 c.
455 638 482 667 3.
508 633 598 666 ὅλον
622 631 717 666 ι’)’ντα
741 635 839 676 πρὸς
866 638 916 677 τῷ
947 635 1073 668 πάθει
1105 638 1309 676 καταμαθὼν
1332 638 1386 669 καὶ
1410 639 1564 681 συμφορᾷ
1586 637 1862 679 βεβαπτισμένον.
1907 639 1971 669 Eo·

177 680 250 709 dem
274 678 446 709 intellectu
471 679 550 708 Luc.
575 677 721 708 Hei-mot.
746 689 771 708 c.
796 680 825 708 2.
850 678 938 710 δοκεῖ
958 691 1012 718 μοι
1037 676 1106 709 ἄλλ’
1133 677 1210 712 οὐδὲ
1239 676 1318 721 ῗίναρ
1347 680 1426 712 ποτὲ
1449 678 1572 712 ἀνιέναι
1596 680 1734 712 σεαυτὸν
1756 679 1857 718 οὕτως
1879 679 1973 718 ὅλος

175 717 210 752 εἶ
233 720 266 753 ἐν
288 722 333 762 τῷ
357 719 527 760 πράγματι
551 731 611 759 quo
636 720 709 750 loco
734 720 917 750 consimilis
943 722 974 751 in
1001 721 1142 752 lectione
1167 724 1372 761 discrepante
1398 725 1483 752 inter
1507 721 1581 759 ὅλος
1606 731 1635 752 et
1660 722 1745 760 ὅλως
1767 723 1893 754 obtinet
1917 733 1972 753 va—

175 763 308 795 cillatio.
357 763 442 793 Dial.
467 762 565 793 Deor.
593 762 673 793 XII.
699 764 728 793 2.
764 760 846 794 πότε
870 760 908 794 Ziv
932 762 1037 805 ἐκείνη
1061 763 1175 805 σχολὴν
1199 761 1312 804 ἀγάγοι
1336 761 1385 796 ἐπ’
1412 762 1469 804 ἐμὲ
1493 762 1563 806 ὅλη
1587 761 1682 796 οὖσα
1714 765 1751 797 ἐν
1779 767 1824 807 τῷ
1840 763 1970 807 ”Λττῃ;

175 806 308 837 Pariter
340 804 536 835 locutionem
568 803 642 835 ὅλον
667 800 750 836 εἶναι
775 804 825 836 vel
850 805 1023 845 γίγνεσθαί
1045 818 1133 843 τινος
1156 808 1324 845 usurpavit
1349 814 1383 836 ut
1408 806 1550 845 Alciphr.
1575 806 1599 836 I.
1629 809 1675 839 13.
1700 806 1774 844 ὅλος
1797 805 1879 847 εἰμὶ
1902 808 1972 839 τοῦ

175 846 335 884 πάθους
356 848 401 876 ita
426 846 557 877 Heliod.
585 847 608 878 Ι.
633 858 658 877 c.
673 847 721 876 12.
748 855 778 876 et
804 847 844 878 II.
870 859 894 878 c.
910 849 958 878 21.
982 859 1060 887 quos
1085 848 1173 879 locos
1198 849 1293 879 doleo
1313 850 1394 888 quod
1410 848 1584 889 Berglerus
1602 849 1622 880 l.
1637 861 1662 880 c.
1679 861 1706 888 p.
1720 852 1769 880 81.
1785 851 1834 881 ed.
1852 851 1971 889 Wagn.

174 891 437 928 praeoccupavit.
483 890 558 919 Atia
583 890 666 927 apud
693 889 891 920 Dorvillium
918 891 956 920 ad
982 890 1108 921 Charit.
1135 902 1161 930 p.
1187 892 1259 922 427.
1289 894 1342 931 qui
1368 892 1537 921 formulam
1562 888 1655 922 ὅλον
1678 887 1783 923 εἶναι
1807 891 1866 923 ἐπί
1887 903 1971 929 τινος

2013 556 2064 655 ὃ

173 931 226 962 vel
249 929 306 963 ε’πί
328 943 389 962 τιτι
413 931 572 970 exemplis
597 931 785 962 illustrarit.
1948 947 2025 964 Ν

305 982 395 1013 Dial.
420 983 519 1012 Deor.
546 980 677 1011 XXIII.
704 983 729 1011 2.
758 979 836 1012 κατ’
863 979 986 1019 αι’ντάς
1009 994 1087 1014 που
1109 984 1232 1022 μέσας
1255 982 1398 1020 νύκτας
1421 989 1480 1013 etc.
1528 982 1613 1018 Quid
1639 994 1773 1014 caussae
1796 984 1899 1014 fnisse
1924 985 1971 1014 di-

174 1035 243 1056 cam
281 1036 337 1054 cur
361 1024 558 1054 Iacobitzius
595 1031 625 1053 et
661 1024 765 1054 editor
790 1025 965 1055 Parisinus
1000 1025 1084 1055 hanc
1119 1026 1283 1066 vulgatam
1313 1025 1486 1055 lectionem
1514 1036 1606 1064 quam
1631 1027 1693 1055 iam
1719 1027 1839 1064 pridem
1866 1027 1972 1056 Fritz-

174 1067 285 1098 sebius
310 1069 431 1105 optimo
459 1068 527 1097 iure
552 1068 798 1106 impugnaverat
824 1075 887 1096 tam
913 1068 1122 1105 pertinaciter
1146 1067 1351 1098 retinerent?
1376 1067 1530 1098 ldoneam
1556 1069 1702 1106 equidem
1727 1069 1819 1097 video
1838 1067 1972 1100 nullam.

173 1110 338 1141 Nimirum
365 1111 428 1139 duo
453 1110 580 1139 codices
606 1119 669 1138 non
696 1108 801 1139 malae
827 1117 934 1146 notae,
959 1110 1239 1150 Guelferbytanus
1263 1112 1387 1149 primus
1412 1117 1443 1139 et
1468 1111 1643 1141 Parisinus
1669 1111 1762 1147 2934,
1786 1121 1855 1140 cum
1881 1121 1973 1148 prae-

174 1153 370 1191 positionem
396 1151 473 1191 περὶ
497 1162 553 1191 pro
578 1150 660 1181 κατὰ
684 1151 944 1189 subministrent,
969 1151 1053 1182 banc
1078 1154 1266 1189 scripturam
1292 1154 1365 1191 quia
1390 1152 1558 1183 Lucianeo
1587 1163 1647 1183 usu
1677 1152 1887 1182 confirmatur
1910 1153 1972 1182 uti-

175 1205 235 1233 que
270 1195 490 1231 recipiendam
515 1204 587 1223 esse
612 1195 663 1223 aio
688 1193 897 1234 asfirniuque,
923 1194 1106 1224 adulterina
1132 1194 1189 1225 illa
1216 1196 1407 1233 proscripta.
1475 1193 1600 1230 Quater
1625 1195 1708 1224 enim
1734 1202 1865 1233 praeter
1888 1193 1973 1225 hunc

172 1236 278 1267 locum
314 1235 454 1266 formula
489 1236 565 1277 περὶ
598 1235 703 1274 μέσας
737 1233 853 1273 νύκτας
886 1247 964 1266 usus
995 1244 1045 1266 est
1075 1237 1258 1267 Lucianus:
1289 1244 1354 1267 tres
1379 1237 1469 1267 locos
1493 1236 1603 1266 attulit
1628 1237 1831 1267 Fritzschius
1856 1237 1972 1275 quibus

172 1287 321 1318 quartum
358 1278 449 1308 illum
485 1281 538 1317 qui
574 1286 625 1308 est
649 1280 680 1308 in
706 1278 795 1310 Tox.
820 1290 846 1309 c.
872 1280 919 1310 19.
944 1279 1078 1309 adiicias
1103 1279 1199 1309 velim
1227 1284 1258 1310 et
1281 1277 1327 1316 εἷς
1348 1278 1452 1318 μέσας
1474 1277 1593 1316 νύκτας
1616 1278 1762 1311 Hermot.
1787 1291 1813 1310 c.
1840 1280 1888 1311 11.
1933 1278 1972 1309 In

173 1321 224 1351 his
247 1322 346 1362 igitur
370 1332 450 1360 quae
475 1321 637 1359 disputavi
662 1332 732 1351 cum
748 1321 930 1352 Fritzschio
956 1321 1052 1360 plane
1076 1323 1246 1352 consentio
1271 1322 1595 1360 emendationemque
1620 1333 1712 1360 quam
1737 1329 1769 1352 et
1792 1323 1862 1360 ipse
1885 1321 1973 1351 fece-

171 1370 224 1394 rat
247 1363 390 1394 libenter
414 1365 443 1393 ei
468 1365 611 1403 resigno.
658 1364 700 1394 At
725 1364 808 1403 quod
833 1365 865 1393 in
891 1364 973 1394 hanc
997 1365 1126 1394 dicendi
1151 1364 1320 1394 formulam
1348 1364 1517 1394 articulum
1543 1364 1690 1402 infarsit,
1725 1365 1758 1394 in
1783 1374 1822 1394 eo
1845 1364 1895 1394 vir
1918 1364 1973 1393 do-

173 1407 339 1436 ctissimus
375 1408 498 1436 erravit
533 1407 766 1444 maximopere.
814 1406 896 1436 Sunt
932 1407 1017 1436 enim
1054 1407 1208 1445 quaedam
1246 1408 1279 1436 in
1314 1413 1449 1445 utraque
1484 1406 1595 1446 lingua
1620 1405 1804 1436 locutiones
1830 1416 1910 1445 quae
1935 1416 1972 1436 se

176 1447 346 1486 paullatim
372 1449 404 1478 in
429 1459 521 1478 usum
545 1450 591 1478 ita
614 1450 822 1478 insinuarunt
845 1456 879 1478 ut
904 1448 957 1478 ubi
984 1448 1201 1478 abet-rationis
1226 1448 1348 1488 aliquid
1373 1456 1526 1487 appareat
1557 1449 1587 1478 id
1617 1449 1792 1480 manifesto
1824 1459 1866 1478 ex
1891 1449 1971 1478 scri-

175 1489 290 1521 barum
315 1491 527 1521 adnotatione
553 1498 660 1520 natum
687 1492 820 1521 omnino
845 1491 1022 1521 tollendum
1048 1492 1212 1529 videatur3
1237 1493 1327 1521 cuius
1352 1492 1482 1531 generis
1507 1497 1557 1520 est
1583 1498 1693 1521 nostra
1717 1502 1778 1530 qua
1803 1491 1842 1520 de
1867 1491 1974 1531 agitur

174 1532 332 1569 formula,
367 1534 399 1563 in
436 1544 497 1572 qua
532 1533 686 1563 articulus
712 1541 900 1564 constanter
924 1534 1098 1570 omittitur,
1123 1535 1268 1572 quamvis
1294 1545 1351 1573 pro
1376 1535 1466 1563 varia
1490 1532 1629 1563 lectione
1653 1540 1796 1574 emergat
1821 1543 1973 1563 nonnun-

175 1585 280 1614 quam.
325 1575 432 1614 Atque
467 1587 483 1605 e
508 1575 732 1613 Xenophonte
766 1577 893 1615 quidem
930 1576 1019 1606 locos
1045 1577 1156 1606 videas
1183 1575 1339 1606 collectos
1364 1587 1381 1606 a
1404 1576 1554 1616 Kriigero
1578 1575 1617 1605 ad
1641 1575 1743 1606 Anah.
1769 1574 1843 1606 VII.
1867 1578 1896 1606 8.
1924 1576 1972 1607 13.

175 1617 291 1656 quibus
315 1618 417 1647 addas
443 1618 565 1658 Cyrop.
591 1617 647 1650 lv.
673 1619 765 1649 5.1:3.
800 1616 886 1660 ἀμφὶ
919 1617 1026 1657 μέσας
1060 1629 1132 1655 πως
1164 1617 1278 1655 νύκτας
1302 1618 1355 1648 ubi
1380 1616 1468 1657 ἀμφὶ
1489 1617 1594 1657 μέσας
1618 1629 1692 1648 που
1714 1615 1831 1654 νύκτας
1855 1619 1886 1647 ni
1911 1616 1972 1647 fal-

173 1658 225 1689 lor
248 1659 454 1689 scribendum
480 1668 530 1689 est
555 1668 587 1690 ut
611 1657 697 1700 ἀμφὶ
719 1660 824 1700 μέσας
847 1672 924 1692 που
948 1658 1064 1697 νύκτας
1088 1661 1170 1698 apud
1196 1663 1368 1691 Arrianum
1387 1660 1411 1691 Ι.
1431 1661 1481 1690 23.
1494 1662 1523 1690 4.
1547 1660 1600 1698 qui
1624 1657 1710 1701 ἀμφὶ
1732 1660 1836 1699 μέσας
1858 1657 1973 1696 νύκτας

174 1700 273 1731 habet
298 1701 322 1732 I.
347 1703 397 1732 20.
421 1703 455 1738 ὃς
481 1701 522 1733 II.
547 1704 576 1733 8.
601 1705 634 1738 23
661 1703 720 1733 IV.
743 1705 792 1734 28.
821 1705 851 1738 1;
877 1702 931 1734 ἐπὶ
954 1702 1057 1741 μέσας
1080 1705 1194 1739 νύκτας
1218 1703 1277 1734 III.
1306 1704 1352 1734 15.
1378 1705 1410 1740 53
1435 1700 1503 1733 ἀπὸ
1528 1702 1637 1741 μέσων
1664 1704 1785 1733 νυκτῶν
1809 1710 1839 1732 et
1863 1701 1972 1741 μέσων

174 1745 297 1774 νυκτῶν
321 1743 380 1775 ΙΙΙ.
405 1746 434 1775 4.
460 1746 494 1779 23
520 1746 575 1774 sed
601 1746 681 1784 quod
707 1745 824 1775 ibidem
850 1743 906 1776 ἐπὶ
928 1745 1030 1784 μέσας
1057 1745 1127 1782 τὰς
1150 1745 1266 1782 νύκτας
1289 1745 1458 1786 legebatur
1481 1745 1513 1774 id
1539 1755 1556 1774 a
1576 1744 1727 1785 Kriigero
1752 1753 1839 1775 recte
1863 1755 1973 1774 emen-

174 1786 284 1816 datum
321 1793 371 1816 est
405 1786 545 1817 articulo
581 1787 730 1824 expulso,
778 1788 955 1826 Eidemque
979 1787 1045 1828 legi
1071 1789 1167 1817 etiam
1197 1788 1372 1817 Diodorum
1399 1788 1546 1826 paruisse
1572 1788 1688 1817 docent
1711 1787 1774 1817 loci
1799 1788 1831 1816 in
1857 1786 1972 1825 quibus

173 1836 224 1858 est
248 1828 324 1869 περὶ
347 1828 452 1867 μέσας
474 1826 592 1866 νύκτας
615 1829 677 1862 XL
704 1831 779 1865 c.9;
805 1828 899 1860 XIII.
923 1830 997 1863 c.‘.‘;
1022 1841 1048 1859 c.
1066 1831 1138 1865 1113
1163 1829 1278 1867 c.113·,
1303 1829 1396 1862 XIV.
1422 1841 1449 1860 c.
1476 1830 1531 1867 153
1556 1840 1582 1859 c.
1610 1830 1685 1866 100,-
1710 1840 1736 1859 c.
1762 1829 1837 1866 1163
1861 1827 1973 1860 XVII.

174 1881 202 1901 c.
225 1871 280 1908 373
302 1869 398 1901 XIX.
423 1882 449 1902 c.
474 1873 530 1909 163
555 1883 579 1902 c.
606 1873 662 1909 853
687 1883 711 1902 t:⁴
738 1873 790 1909 953
815 1872 901 1902 XX.
926 1883 952 1902 c.
976 1873 1026 1902 74.
1049 1872 1145 1914 μέχρι
1167 1872 1276 1912 μέσων
1299 1873 1421 1903 νυκτῶν
1443 1871 1556 1902 XVII.
1584 1883 1610 1902 c.
1634 1874 1674 1902 50
1690 1873 1751 1908 ²²).
1798 1872 1840 1902 At
1863 1871 1972 1901 mendi

275 1995 320 2021 ‘223
340 1995 462 2021 Consule
481 1996 591 2022 Lobek.
612 1996 646 2021 ad
668 1996 775 2029 Phryn.
796 1998 874 2029 p.53.
897 1997 976 2022 Addo
994 1999 1096 2030 μέσαι
1118 1996 1233 2027 νύκτες
1251 1998 1366 2023 Lucian.
1386 1998 1459 2023 Gall.
1479 2006 1501 2023 c.
1523 1997 1551 2029 13
1571 1997 1646 2023 Dial.
1667 1998 1751 2022 Mon.
1770 1997 1857 2028 1V.2;
1875 1996 1972 2022 xlta.

173 2028 240 2054 Pari
260 2029 342 2053 modo
362 2031 398 2057 εἰς
416 2032 504 2061 μέσην
522 2029 629 2064 ἡμέραν
648 2030 720 2055 Tox.
741 2039 764 2055 c.
785 2032 831 2060 31;
852 2033 914 2064 περὶ
932 2035 1022 2064 μέσην
1041 2030 1146 2065 ἡμέραν
1166 2033 1282 2058 Herodi.
1304 2032 1378 2057 vtn.
1401 2041 1422 2057 c.
1441 2033 1471 2062 5;
1496 2032 1532 2060 εἰς
1549 2033 1636 2063 μέσην
1655 2031 1775 2065 ἑσπέραν
1796 2032 1842 2056 Bis
1873 2033 1973 2056 Aecus.

170 2071 195 2088 c.
219 2063 257 2088 16.
293 2063 372 2100 c⁰.'¹f⁴
393 2064 459 2088 Lob.
478 2065 511 2089 ad
530 2066 633 2097 Phryn.
655 2074 680 2098 p.
701 2064 758 2090 465.
796 2064 880 2092 Valet
902 2066 972 2090 idem
993 2067 1026 2090 de
1045 2069 1059 2091 f
1079 2066 1163 2091 imula
1184 2068 1260 2099 περὶ
1280 2067 1416 2099 πρῶτον
1435 2064 1542 2091 ὕπνον
1561 2066 1648 2090 Thuc.
1671 2067 1702 2090 ΙΙ.
1723 2075 1745 2091 c.
1765 2065 1796 2096 23
1816 2066 1882 2090 Luc.
1897 2065 1971 2090 Tox.

170 2105 195 2122 c.
215 2097 261 2126 173
283 2096 409 2130 Philops.
428 2105 451 2122 c.
471 2097 518 2128 315
537 2100 611 2132 περὶ
631 2096 777 2131 πρώτους
796 2097 921 2127 ὕπνους
934 2100 1068 2125 Eubulum
1080 2100 1220 2125 Comicum
1232 2100 1339 2125 dixisse
1356 2105 1503 2125 memoriae
1519 2100 1641 2132 prodidit
1654 2099 1840 2124 Antiatticista
1856 2099 1882 2124 in
1895 2098 1972 2123 Bek-

170 2130 243 2168 keri-
257 2131 361 2155 Anecd.
383 2131 404 2156 1.
425 2140 450 2156 n.
465 2132 519 2157 111.
537 2132 584 2162 21,-
604 2131 658 2157 ἀπὸ
678 2130 786 2166 πρώτου
808 2130 895 2158 ὕπνου
915 2133 1000 2159 Thuc.
1023 2137 1072 2159 VH
1102 2143 1126 2159 c.
1144 2136 1186 2160 43.
1207 2141 1232 2159 et
1253 2134 1327 2167 ἀμφὶ
1348 2135 1458 2167 πρῶτον
1478 2132 1570 2159 ἔτινον
1589 2135 1634 2158 καὶ
1649 2136 1736 2169 μέσας
1754 2133 1852 2161 νύκτας
1871 2140 1973 2157 conso—

171 2165 256 2189 ciavit
276 2165 407 2190 Philostr.
428 2165 487 2191 Vit.
511 2166 640 2198 Apollon.
661 2169 746 2199 Tyan.
772 2169 804 2191 ΙΙ.
825 2167 866 2192 37.
922 2168 1050 2200 Denique
1079 2176 1148 2192 voce
1175 2167 1283 2201 (μνλακὴ
1308 2169 1333 2193 in
1357 2177 1387 2194 re
1408 2169 1518 2193 militari
1540 2169 1574 2193 de
1595 2169 1700 2199 vignils
1720 2168 1793 2192 dicta
1815 2168 1971 2193 Diodorum

170 2203 198 2223 et
221 2199 365 2237 Arrianum
385 2207 585 2232 usquequaque
603 2201 665 2224 sine
684 2201 803 2225 articulo
824 2209 900 2226 usum
922 2209 982 2226 esse
1003 2202 1159 2229 observavi.
1180 2203 1309 2236 apposito
1330 2203 1435 2234 quippe
1455 2210 1568 2226 nurnero
1590 2202 1724 2226 ordinali:
1746 2203 1822 2233 περὶ
1842 2199 1972 2234 πρώτην

171 2233 325 2263 φυλακην
347 2233 428 2258 Diod.
450 2233 526 2258 Xttt.
547 2242 570 2258 c.
590 2234 637 2264 47,·
656 2243 679 2259 c.
699 2234 760 2264 ltl;
780 2236 856 2268 περὶ
881 2235 1042 2269 δευτέραν
1067 2235 1223 2269 φυλακὴν
1243 2237 1324 2261 Diod.
1344 2237 1421 2261 XIV.
1441 2245 1464 2261 c.
1482 2236 1642 2266 24,-XV111
1671 2245 1693 2261 c.
1714 2237 1759 2267 405
1779 2236 1862 2260 XIX.
1883 2243 1906 2259 c.
1925 2234 1972 2264 96,-

170 2265 236 2305 ¹XX.
257 2275 279 2291 c.
298 2265 453 2304 9691ιέμᾳὶ
472 2267 633 2300 δευτέραν
652 2266 804 2300 φυλακήν
827 2271 932 2294 Arrian.
956 2271 977 2294 1.
998 2270 1037 2296 ⁸23.
1056 2271 1084 2301 23
1106 2270 1140 2296 V.
1158 2270 1200 2297 ⁸23.
1220 2271 1248 2302 53
1269 2271 1344 2303 περὶ
1367 2273 1483 2304 τρίτην
1507 2268 1660 2303 φυλακὴν
1680 2270 1762 2295 Diod.
1784 2269 1857 2294 XIX
1881 2277 1903 2293 c.
1924 2267 1971 2298 95;

170 2308 215 2332 αμ
227 2301 265 2332 φὶ
294 2309 451 2332 τεττιρτην
479 2300 630 2334 φυλακὴν
649 2302 758 2326 Atrian.
782 2303 809 2326 V.
829 2303 870 2328 24.
889 2303 913 2328 ⁴2.
951 2304 1007 2329 Ubi
1036 2312 1103 2329 vero
1131 2305 1205 2330 aliud
1234 2304 1399 2330 adiectivum
1429 2310 1536 2337 tempus
1559 2302 1683 2330 indicans
1702 2304 1810 2329 accedit
1838 2302 1970 2328 articulus

170 2333 344 2366 praefigitur.
381 2335 463 2360 Diod.
484 2336 574 2361 xvu.
593 2344 616 2360 c.
636 2336 677 2361 56.
697 2333 751 2361 ὑπὸ
771 2334 818 2367 τὴν
835 2335 953 2369 ἑωθινὴν
972 2336 1106 2371 φυλακήν,

1697 2383 1714 2411 4
