2318 2945
586 809 904 880 Francisco
943 809 1234 880 Fritzcnio
1272 809 1688 894 Rostochiensi

692 928 880 979 Carolus
918 928 1167 997 Schwidop
1205 928 1583 998 Regimontanus.

1088 1022 1179 1057 sed.

358 1131 443 1162 Ante
466 1130 524 1162 hos
550 1133 614 1162 fere
638 1141 693 1161 sex
717 1142 814 1161 annos
839 1141 910 1161 cum
933 1129 1060 1161 nuntius
1084 1129 1125 1159 ad
1148 1140 1198 1159 me
1221 1129 1383 1161 afferretur
1416 1130 1479 1168 Te,
1514 1131 1684 1164 Francisce
1708 1129 1883 1167 Fritzsehi,
1919 1140 2034 1160 novam

249 1182 383 1216 Luciani
401 1181 633 1214 Samosatensis
657 1181 825 1212 editionem
849 1191 969 1223 parare,
994 1180 1140 1211 constitui
1164 1180 1284 1210 minuta
1307 1191 1377 1211 mea
1402 1181 1632 1223 qualiacunque
1655 1181 1806 1224 opuscula
1829 1181 1869 1211 ad
1892 1179 1940 1210 Te
1962 1180 2036 1210 mit-

247 1240 312 1266 tere
334 1244 394 1264 nec
416 1233 558 1265 dubitavi
581 1232 629 1263 Te
653 1243 741 1263 orare
763 1239 797 1263 ut
821 1243 901 1272 quae
924 1231 956 1262 in
978 1231 1016 1262 iis
1040 1237 1113 1273 apta
1137 1230 1209 1262 Tibi
1229 1231 1409 1262 viderentur
1431 1232 1462 1262 in
1476 1231 1580 1263 Tuum
1605 1233 1804 1263 commodum
1828 1236 2036 1262 converteres.

250 1284 370 1317 Literis
403 1284 442 1315 ad
478 1296 527 1315 me
561 1283 643 1314 datis
677 1295 756 1324 quae
791 1283 1037 1324 conscripseram
1072 1290 1101 1312 et
1135 1281 1314 1312 diiudicasti
1343 1293 1466 1313 sumnia
1493 1282 1687 1313 humanitate
1717 1289 1746 1314 et
1777 1281 1917 1323 probasti
1941 1287 1970 1312 et
1992 1280 2037 1312 ita

248 1336 388 1379 probasti
421 1343 455 1366 ut
483 1335 544 1366 alia
566 1335 738 1377 respiceres
762 1335 822 1366 alia
845 1335 876 1364 in
900 1338 1080 1364 contextum
1104 1332 1270 1363 verborum
1293 1333 1456 1374 reciperes..
1503 1332 1601 1373 Quod
1624 1334 1767 1376 dialogos
1791 1333 1943 1375 quosdam
1966 1331 2037 1363 Lu-

254 1387 336 1418 ciani
358 1387 390 1417 in
412 1398 506 1417 usum
539 1385 716 1417 scholarum
749 1386 842 1416 edere
870 1396 920 1416 me
948 1384 1093 1423 iubebas,
1127 1384 1187 1415 hoc
1209 1384 1281 1415 Tuo
1303 1384 1385 1425 quod
1409 1384 1448 1415 de
1471 1384 1642 1416 Lucianeis
1666 1385 1743 1416 meis
1767 1383 2038 1416 observationibus

249 1438 370 1470 feceras
393 1437 509 1469 iudicio
534 1437 625 1469 facile
648 1437 802 1478 impulsus
827 1448 899 1468 cum
922 1436 985 1466 iam
1008 1435 1039 1465 id
1063 1446 1190 1477 agerem
1213 1440 1247 1465 ut
1272 1435 1355 1476 quod
1371 1435 1422 1466 Tu
1445 1435 1524 1465 mihi
1548 1435 1679 1466 dederas
1704 1435 1869 1467 consilium
1893 1446 2042 1476 sequerer

248 1489 433 1530 libellosque
456 1489 509 1530 qui
533 1488 573 1519 ad
596 1488 717 1519 animos
740 1487 985 1519 adolescentium
1011 1486 1213 1518 oblectandos
1236 1487 1373 1517 maxime
1397 1486 1628 1517 accommodati
1645 1492 1751 1517 essent
1776 1487 1923 1528 eligerem
1946 1491 2040 1528 atque

252 1540 444 1582 digererem:
479 1540 593 1571 accidit
630 1539 807 1581 nuperrime
839 1545 873 1569 ut
909 1549 1066 1570 summum
1100 1537 1177 1568 illud
1205 1537 1303 1568 nostri
1337 1538 1426 1579 regni
1456 1537 1622 1578 collegium
1647 1537 1731 1577 quod
1753 1549 1804 1568 res
1827 1547 1857 1569 et
1881 1549 1986 1568 sacras
2009 1543 2041 1569 et

251 1591 456 1623 scholasticas
480 1597 568 1622 curat
590 1601 698 1622 omnes
723 1589 899 1621 scholarum
923 1596 1047 1621 nostrae
1069 1589 1248 1631 provinciae
1271 1593 1407 1619 rectores
1431 1594 1617 1619 convocaret
1641 1588 1693 1629 qui
1718 1588 1921 1621 scholasticas
1944 1600 2039 1630 quas-

251 1643 324 1674 dam
359 1642 559 1684 quaestiones
594 1642 634 1672 ad
663 1642 922 1684 disceptationem
944 1642 1120 1683 propositas
1145 1639 1309 1671 solverent.
1353 1638 1391 1669 In
1414 1638 1452 1669 iis
1476 1644 1580 1669 autem
1605 1639 1840 1679 quaestionibus
1865 1651 1944 1680 quae
1967 1645 2039 1671 octo

252 1699 339 1725 erant
362 1704 422 1724 non
451 1693 594 1724 infimum
628 1692 732 1724 locum
765 1693 890 1723 tenebat
925 1692 995 1732 illa,
1032 1703 1093 1733 qua
1126 1690 1318 1733 postulatum
1348 1697 1412 1720 erat
1446 1697 1481 1720 ut
1510 1690 1562 1731 qui
1593 1690 1793 1732 potissimum
1817 1691 1985 1732 scriptores
2007 1691 2039 1722 in

253 1744 430 1787 gymnasiis
463 1744 589 1786 legendi
623 1749 726 1775 essent
759 1749 905 1774 accurate
935 1755 970 1774 ac
993 1743 1139 1783 religiose
1161 1748 1354 1783 pensaretur.
1401 1741 1508 1782 Atque
1532 1741 1570 1772 de
1593 1741 1662 1772 aliis
1685 1742 1812 1783 quidem
1835 1742 2040 1784 scriptoribus

252 1795 328 1837 quid
351 1795 525 1826 iudicatum
550 1796 589 1826 sit
613 1807 631 1825 a
653 1795 728 1826 viris
752 1795 973 1826 eruditissimis
996 1795 1058 1825 noli
1081 1794 1206 1824 audire:
1230 1800 1260 1823 at
1284 1792 1322 1823 de
1346 1791 1509 1823 Luciano?
1533 1803 1664 1833 quaeres
1687 1793 1829 1826 fortasse.
1876 1793 2040 1824 Lucianus

252 1846 400 1878 assiduus
434 1846 485 1877 ille
520 1854 661 1877 veterum
697 1847 883 1888 scriptorum
918 1852 1054 1877 sectator
1077 1845 1102 1875 si
1126 1845 1165 1874 ab
1187 1843 1294 1874 inferis
1319 1843 1489 1874 exstitisset
1521 1854 1673 1884 suamque
1696 1844 1764 1886 ipse
1787 1856 1932 1876 caussam
1956 1844 2042 1887 apud

260 1898 476 1930 severissimos
500 1897 568 1929 illos
591 1898 860 1940 gravissimosque
888 1897 1008 1928 iudices
1042 1896 1189 1933 dixisset,
1224 1895 1278 1926 vix
1300 1895 1376 1925 mibi
1400 1895 1491 1926 crede
1513 1894 1607 1925 variis
1631 1895 1813 1927 criminibus
1836 1896 1999 1927 absolutus
2022 1907 2041 1926 a

254 1949 371 1980 iudicio
407 1949 567 1980 discedere
596 1949 707 1991 potuit.
754 1948 840 1987 Quid
863 1948 975 1990 plura?
1010 1947 1075 1979 Diu
1106 1947 1302 1987 multumque
1338 1945 1586 1977 consultantibus
1619 1947 1832 1988 periculosum
1865 1958 1903 1978 ne
1937 1947 2042 1978 dicam

252 1999 464 2042 perniciosum
501 2011 571 2031 esse
594 2000 760 2031 videbatur
782 1999 916 2030 Luciani
942 1999 1056 2040 scripta
1080 1999 1184 2040 legere
1208 1998 1297 2029 cuius
1321 1998 1465 2038 quamvis
1489 1997 1612 2028 dicendi
1641 2009 1742 2039 genus
1764 2010 1824 2029 non
1848 1998 2040 2040 improbare-

251 2056 301 2082 tur
328 2051 474 2082 tractatio
508 2059 613 2081 tamen
647 2062 750 2082 rerum
781 2050 892 2081 acerbe
921 2051 1158 2091 vituperabatur
1179 2058 1212 2080 ut
1236 2049 1417 2090 neutiquam
1442 2049 1554 2079 idonea
1576 2059 1638 2088 qua
1660 2048 1789 2080 iuvenes
1813 2049 1948 2081 sinceras
1971 2049 2040 2081 illas

254 2110 349 2142 atque
383 2101 522 2144 integras
556 2103 595 2133 de
631 2103 815 2143 antiquitate
845 2102 1007 2143 opiniones
1037 2101 1150 2132 animis
1179 2100 1330 2131 imbibere
1352 2106 1479 2141 possent
1503 2100 1686 2140 praesertim
1709 2111 1780 2132 cum
1806 2101 1857 2131 alii
1881 2106 1929 2132 sat
1951 2101 2042 2132 multi

255 2158 415 2184 exstarent
439 2153 604 2194 scriptores
628 2153 680 2194 qui
704 2161 835 2194 utraque
857 2164 890 2183 re
913 2157 1107 2194 praestarent
1130 2152 1327 2192 maioresque
1356 2151 1506 2182 utilitates
1534 2158 1689 2191 parerent.
1733 2151 1829 2183 Unde
1853 2155 1970 2184 factum
1994 2156 2042 2183 est

251 2210 286 2235 ut
308 2203 473 2234 Lucianus
508 2203 652 2235 omnibus
687 2204 849 2235 sententiis
883 2204 1084 2234 damnaretur
1114 2203 1231 2234 scilicet
1260 2208 1435 2234 contemtor
1463 2201 1659 2242 antiquitatis
1684 2210 1847 2245 corruptor
1869 2203 2041 2235 iuventutis

256 2255 390 2296 scriptor
413 2254 548 2295 denique
571 2266 738 2296 puerorum
762 2262 857 2295 atque
880 2255 1125 2286 adolescentium
1148 2254 1260 2284 animis
1284 2253 1367 2284 nullo
1391 2253 1483 2284 modo
1508 2253 1731 2285 accomodatus
1757 2261 1786 2285 et
1809 2255 1840 2285 in
1854 2261 2041 2296 perpetuum

251 2317 268 2338 e
301 2305 418 2337 scholis
453 2306 721 2338 exterminaretur.
766 2307 874 2348 Atque
908 2307 1052 2348 equidem
1087 2306 1212 2337 omniuo
1246 2305 1409 2346 perculsus
1445 2304 1555 2345 iniquo
1583 2304 1806 2346 inopinatoque
1834 2311 1880 2336 tot
1902 2306 2041 2337 virorum

253 2357 509 2388 doctissimorum
543 2357 660 2389 iudicio
687 2369 705 2388 a
737 2369 799 2399 quo
823 2365 853 2389 et
877 2369 936 2399 ego
958 2358 1050 2398 plane
1074 2357 1211 2388 dissideo
1234 2362 1263 2387 et
1287 2367 1408 2387 mecum
1433 2355 1544 2397 procul
1567 2355 1662 2392 dubio
1686 2356 1778 2387 etiam
1802 2357 1854 2388 alii
1878 2357 2042 2388 consilium
