2215 2940
1270 219 1292 250 2

385 326 484 351 totum
508 319 615 351 abieci.
660 319 755 350 Adde
779 319 862 360 quod
886 331 946 350 non
969 319 1078 361 ignoro
1101 320 1132 350 in
1156 325 1232 361 quot
1257 326 1452 361 quantasque
1477 321 1677 352 difficultates
1707 322 1844 353 incurrat
1867 322 1910 358 is,
1948 322 2002 362 qui
2029 324 2164 364 primum

384 370 500 401 nullius
534 370 802 401 commendatione
836 370 961 401 adiutus
996 370 1044 400 vel
1073 371 1205 412 scriptor
1232 371 1281 401 vel
1315 371 1414 402 editor
1442 372 1556 402 existat
1580 372 1780 412 libellumque
1803 373 1833 403 in
1859 372 2021 414 publicum
2043 375 2165 405 mittere

385 420 459 451 velit
492 420 676 461 praesertim
710 432 781 451 cum
806 420 974 462 bibliopola
997 421 1063 451 sive
1086 421 1155 462 lege
1180 421 1245 452 sive
1269 422 1482 462 praeiudicata
1506 422 1642 462 quadam
1670 421 1831 454 hominum
1856 423 2001 465 opinione
2024 424 2165 465 prohibi-

386 477 452 501 tum
476 482 545 502 esse
568 472 647 502 sciat
671 471 838 511 quominus
860 471 939 502 liber
962 482 1140 512 quanquam
1164 483 1287 502 summa
1309 472 1471 513 diligentia
1495 478 1587 513 atque
1611 472 1764 503 industria
1787 474 1983 515 conscriptus
2001 474 2032 504 in
2051 475 2163 506 scholis

383 520 548 562 legeretur.
594 521 685 552 Redii
719 522 815 563 igitur
848 522 878 552 in
910 532 978 552 eam
1003 522 1086 552 viam
1111 532 1172 562 qua.
1195 523 1451 564 praeceptoribus
1475 523 1644 554 moderatis
1667 535 1724 554 nec
1748 524 2021 566 magnae'gloriae
2044 525 2163 564 cupidis

382 571 427 602 ita
455 572 500 602 uti
534 573 619 609 licet,
654 578 688 604 ut
723 584 804 613 quae
839 584 895 614 pro
932 584 989 603 sua
1019 572 1153 613 quisque
1176 573 1293 614 ingenii
1317 574 1466 605 facultate
1491 574 1682 615 excogitavit
1706 575 1827 615 quoties
1851 575 1946 606 velint
1969 575 2166 616 promulgare

383 623 514 664 possint*
558 624 625 654 Iam
653 624 737 664 quod
760 623 978 654 adhortabaris
1001 630 1036 654 ut
1059 635 1139 664 quae
1163 624 1201 654 ad
1224 624 1402 656 Lucianum
1427 625 1616 666 pertinerent
1640 633 1778 656 correcta
1797 637 1815 656 a
1834 637 1882 656 me
1895 634 1988 666 atque
2001 626 2166 657 emendata

383 684 420 704 ea
454 685 492 704 ne
524 674 594 715 quis
617 674 693 705 mihi
717 680 924 706 anteverteret
947 673 1116 716 Philologo
1139 681 1192 705 aut
1216 674 1316 706 Iahnii
1340 677 1501 708 annalibas
1525 683 1578 706 aut
1602 675 1716 706 Museo
1740 676 1892 707 Rhenano
1914 677 2080 707 inserenda
2102 683 2165 708 tra-

382 724 456 754 dere
490 730 678 757 maturarem
711 726 795 767 quod
829 725 991 756 Lucianus
1021 732 1169 766 tanquam
1207 725 1328 768 Phyllis
1357 734 1439 758 esset
1476 727 1565 758 cuius
1600 727 1733 767 gratiam
1763 738 1965 768 amoremque
1993 727 2082 758 multi
2110 726 2167 758 ad-

380 775 509 806 modum
544 776 636 807 hodie
667 784 898 819 aucuparentur
920 776 952 807 id
977 776 1060 817 quod
1084 776 1135 807 Tu
1158 777 1261 808 animo
1286 777 1434 810 benevolo
1465 777 1620 809 suadebas
1646 780 1780 809 facerem
1804 779 1829 809 si
1853 779 1984 808 nimium
2007 778 2167 809 doctrinae

379 825 473 857 laude
506 827 730 858 inclarescendi
765 828 904 859 studium
933 838 982 859 me
1006 827 1147 869 agitaret.
1194 829 1239 858 At
1262 839 1322 870 ego
1345 840 1438 860 unam
1463 836 1492 860 et
1516 840 1622 860 veram
1646 829 1777 870 gloriam
1801 841 1917 870 quaero
1940 830 1971 859 in
1995 828 2166 860 excolenda

380 888 461 918 quae
485 877 562 908 mihi
592 880 760 910 commissa
788 886 834 910 est
868 879 1046 916 iuventute,
1081 879 1131 910 cui
1159 890 1267 910 omnes
1291 891 1376 910 meas
1400 881 1494 911 animi
1519 879 1721 922 corporisque
1744 880 1825 911 vires
1849 886 1914 911 toto
1938 886 2062 921 pectore
2085 879 2167 910 dedo

380 934 411 959 et
445 939 592 960 consecro
626 941 683 961 nec
716 930 850 961 multum
884 941 954 960 mea
987 930 1117 960 interest
1146 930 1257 961 melius
1281 941 1380 972 egone
1403 943 1443 962 an
1466 931 1545 962 alius
1570 932 1726 972 quispiam
1750 930 1902 961 invenerit
1925 930 2096 962 dummodo
2118 931 2166 960 in-

379 985 508 1010 ventum
543 980 581 1011 sit
615 981 710 1022 idque
734 981 759 1012 si
783 992 971 1022 quacunque
994 981 1113 1012 ratione
1136 981 1167 1012 in
1190 982 1333 1012 notitiam
1358 993 1459 1013 meam
1482 983 1583 1019 venit,
1614 982 1707 1013 etiam
1732 981 1809 1013 alios
1832 982 1916 1012 idem
1939 982 1977 1012 de
2000 981 2110 1012 eadem
2133 991 2167 1012 re

379 1040 500 1063 mecum
523 1032 659 1063 sensisse
678 1037 708 1063 et
721 1033 879 1074 cogitasse
891 1038 1008 1073 quanto
1027 1032 1144 1074 gaudio
1162 1032 1282 1063 afficiar
1305 1033 1358 1064 vix
1380 1034 1482 1064 dicere
1506 1045 1644 1075 possum.
1680 1032 1747 1063 Nec
1770 1033 1909 1074 profecto
1931 1032 2046 1064 infitior
2068 1032 2167 1063 multa

378 1081 409 1111 in
434 1082 621 1114 adversariis
645 1084 722 1114 meis
746 1094 796 1114 me
818 1083 961 1125 deposita
983 1083 1098 1114 habere
1122 1094 1202 1124 quae
1226 1090 1255 1114 et
1269 1083 1319 1115 Tu
1342 1085 1503 1126 occupasti
1527 1091 1556 1115 et
1572 1083 1712 1115 Cobetus
1736 1090 1765 1114 et
1782 1083 1959 1114 Guilelmus
1973 1083 2167 1115 Dindorfius.

378 1132 427 1164 Ut
461 1145 557 1164 unum
591 1135 769 1177 exemplum
804 1135 930 1166 afferam
960 1134 1083 1166 veniam
1114 1134 1190 1165 mihi
1225 1134 1295 1174 des,
1330 1135 1499 1166 Francisce
1523 1134 1698 1173 Fritzschi,
1734 1142 1767 1166 ut
1792 1134 1912 1166 Tecum
1939 1134 2167 1165 communicem

379 1195 460 1224 quae
482 1185 544 1215 iam
567 1185 681 1217 abhinc
705 1197 801 1217 annos
825 1186 934 1216 decem
958 1191 989 1217 et
1012 1186 1096 1227 quod
1120 1197 1214 1228 supra
1237 1192 1283 1216 est
1307 1186 1347 1216 ad
1370 1186 1520 1227 Necyom.
1547 1189 1574 1218 ἶ.
1602 1185 1741 1227 ἑκάθηρέ
1762 1189 1794 1217 τέ
1815 1199 1853 1226 με
1875 1190 1927 1217 καὶ
1951 1185 2092 1226 ἀπέμαξε
2114 1188 2166 1216 καὶ

378 1235 556 1278 περιήγνισε
590 1237 709 1276 δᾳδίοις
732 1242 794 1268 wecel
828 1238 933 1279 σκίλλῃ
966 1232 1028 1268 βὰλ.
1063 1243 1096 1268 ut
1133 1237 1295 1278 vulgatam
1328 1237 1492 1267 lectionem
1527 1243 1644 1267 tutarer
1672 1237 1770 1266 literis
1804 1237 1997 1269 mandaram.
2052 1236 2168 1267 Errare

378 1287 564 1327 scripseram
598 1287 658 1319 hoc
691 1288 760 1319 loco
783 1288 919 1319 editores
943 1289 1175 1319 recentissimos
1198 1288 1251 1328 qui
1275 1297 1291 1317 e
1315 1287 1415 1317 tribus
1438 1287 1599 1318 codicibus
1624 1287 1773 1318 Parisinis
1808 1287 1928 1327 δᾳδίοις
1960 1298 2016 1329 pro
2038 1287 2169 1328 vulgato

377 1338 452 1378 δᾳδὶ
484 1339 683 1380 recepissent.
730 1339 878 1370 Dubitari
907 1340 989 1370 enirn
1012 1339 1096 1370 nullo
1119 1338 1212 1369 modo
1234 1349 1327 1379 posse
1351 1337 1425 1377 quin
1449 1336 1612 1368 Lucianus
1647 1337 1799 1368 imitando
1833 1338 2021 1379 expresserit
2044 1337 2167 1379 Diphili

379 1387 501 1420 Comici
525 1389 627 1420 locum
651 1391 702 1431 qui
727 1396 773 1421 est
798 1390 883 1431 apud
906 1390 1046 1422 Meinek.
1058 1388 1177 1430 Fragg.
1194 1387 1284 1419 Com.
1300 1386 1358 1421 Gr.
1371 1388 1515 1420 IV.416.
1544 1389 1717 1430 Προιτίδας
1741 1388 1869 1428 ἁγνίζων
1891 1391 2007 1429 κούρας
2030 1412 2037 1419 .
2060 1412 2068 1419 .
2092 1388 2166 1427 δᾳδὶ

376 1442 434 1481 μιᾷ
467 1440 570 1482 σκίλλῃ
597 1453 628 1471 τε
657 1442 723 1480 μιᾷ.
769 1440 863 1471 Hanc
886 1440 1062 1482 opinionem
1087 1439 1264 1470 confirmari
1288 1445 1354 1470 tum
1377 1451 1396 1469 a
1418 1439 1562 1470 Luciano
1586 1441 1655 1481 ipso
1678 1441 1769 1472 Alex.
1793 1440 1842 1472 47.
1865 1443 2026 1481 καθαῖρον
2049 1463 2056 1470 .
2081 1463 2088 1470 .
2111 1439 2164 1476 τὰς

375 1493 501 1532 γνώμας
524 1491 582 1530 οὐχ
603 1490 667 1523 ὑπὸ
691 1492 763 1531 δᾳδὶ
786 1495 837 1522 καὶ
861 1492 982 1533 σκίλλη,·
1004 1490 1145 1532 Philops.
1164 1492 1210 1522 12.
1234 1494 1313 1533 θείῳ
1336 1494 1387 1522 καὶ
1410 1491 1483 1530 δᾳδὶ
1505 1493 1704 1530 καθαγνίσας
1726 1492 1780 1523 τὸν
1802 1493 1914 1527 τόπον,
1938 1497 2005 1521 tum
2028 1501 2046 1520 a
2064 1489 2164 1521 Dione

377 1540 546 1583 Chrysost.
571 1540 626 1572 Or.
650 1541 814 1574 XLVIII.
834 1545 880 1575 17.
905 1542 959 1573 ubi
983 1553 1054 1573 cum
1083 1541 1366 1584 περικαθάραντας
1388 1542 1442 1583 τὴν
1464 1542 1559 1573 πόλιν
1581 1543 1623 1584 μὴ
1646 1543 1750 1585 σκίλλῃ
1771 1543 1844 1585 μηδ’
1867 1543 1958 1574 ὕδατι
1980 1541 2103 1582 legatur
2124 1551 2163 1571 ex

375 1592 513 1634 Bagueti
538 1592 716 1624 coniectura
739 1593 813 1633 δᾳδὶ
835 1593 1049 1635 reponendum
1073 1593 1232 1635 putabam.
1268 1593 1358 1624 Haec
1382 1593 1567 1635 scripseram
1592 1599 1626 1624 ut
1649 1594 1715 1625 dixi
1738 1594 1799 1624 iam
1823 1602 1894 1625 ante
1918 1591 2032 1624 multos
2056 1602 2165 1624 annos.

375 1642 469 1675 Nunc
493 1643 540 1674 Te
563 1655 687 1685 quoque
710 1644 795 1686 apud
818 1643 997 1676 Lucianum
1021 1644 1184 1686 vulgatam
1206 1644 1373 1676 lectionem
1397 1655 1540 1676 servasse
1563 1645 1654 1676 video
1677 1656 1734 1676 nec
1757 1645 1870 1675 iisdem
1894 1644 1987 1675 modo
2009 1643 2088 1674 locis
2110 1641 2167 1673 sed

375 1695 471 1727 etiam
504 1694 627 1726 duobus
656 1695 770 1737 quibus
794 1695 845 1727 Tu
875 1707 951 1727 usus
975 1707 1008 1727 es
1039 1695 1201 1727 codicibus
1226 1696 1373 1728 munisse.
1419 1694 1510 1734 Quae
1534 1707 1604 1727 cum
1629 1697 1660 1727 in
1684 1696 1754 1727 Tua
1777 1696 1913 1727 editione
1935 1695 2072 1736 legerem
2095 1701 2164 1724 tan-

377 1752 445 1778 tum
469 1746 575 1777 aberat
598 1753 633 1777 ut
655 1746 687 1777 id
711 1746 849 1788 graviter
873 1747 986 1779 ferrem
1010 1753 1044 1778 ut
1067 1747 1150 1779 idem
1175 1747 1296 1778 Tecum
1320 1759 1369 1778 me
1393 1747 1510 1778 vidisse
1533 1749 1703 1789 gauderem
1727 1746 2011 1778 vehementissime.
2057 1743 2165 1784 Quare

375 1809 438 1839 qua
470 1797 664 1829 humanitate
699 1798 876 1840 superiores
913 1799 1022 1831 eadem
1052 1798 1109 1830 has
1139 1798 1372 1840 qualescunque
1395 1805 1469 1829 suut
1492 1799 1728 1830 observationes
1752 1798 1887 1840 accipias
1911 1808 2029 1838 quaeso
2053 1794 2165 1827 studiis

376 1860 437 1890 que
461 1849 538 1881 meis
560 1849 676 1881 faveas.
706 1849 796 1882 Vale.
