2128 2668
984 234 1036 267 20

115 335 256 379 ἀπάγειν
280 349 371 369 usum
397 338 575 369 luculentis
599 336 723 376 aliquot
746 337 885 367 Luciani
910 335 1072 375 exemplis
1096 335 1279 367 illustrabo.
1326 335 1412 366 nial.
1437 333 1645 366 Morexffl.
1661 335 1689 365 3.
1703 331 1910 372 ὑπισχνεῖται

112 381 324 421 Πτολεμαῖος
358 377 396 421 ''7'2'
429 391 508 411 ποτε
538 376 643 421 ἀγάγῃ
667 378 785 419 σχολὴν
808 376 876 410 ἀπὸ
899 369 964 410 τῶν
986 376 1143 419 θορύβων
1165 379 1230 409 τῶν
1253 377 1287 409 ἐν
1310 377 1424 416 ποσίν,
1449 377 1482 414 ἐς
1503 375 1678 417 Αἴγυπτον
1701 374 1912 415 ἀπαγαγὼν

113 420 245 464 θάψειν
267 422 342 455 ἐκεῖ.
368 421 453 452 Dial.
479 421 601 452 Marin.
615 420 710 452 XIV.
728 422 754 452 3.
781 420 837 452 καὶ
860 422 914 452 νῦν
937 423 1033 461 γαμεῖ
1056 419 1089 451 ἕν
1111 421 1170 451 τοῦ
1193 420 1336 461 Κηφέως
1358 419 1412 451 καὶ
1436 417 1585 457 ἀπάξει
1611 416 1711 459 αὐτὴν
1733 416 1767 454 ἐς
1782 415 1911 459 ’Ἀργος.

113 465 200 496 lbid.
225 464 295 495 XV.
320 467 349 495 4.
374 461 617 502 ἐπιλαβόμενος
643 465 701 504 τῆς
722 462 830 504 χειρὸς
853 460 870 494 ὃ
895 462 978 499 Ζεὺς
1002 460 1129 503 ἀπῆγε
1151 461 1209 504 τὴν
1230 459 1394 504 Εὐρώπην
1416 459 1449 499 ἐς
1473 461 1508 493 τὸ
1533 462 1692 492 Δικταῖον
1715 456 1833 501 ἷίντρον
1855 459 1912 490 ubi

112 509 146 538 in
181 507 307 538 duobus
342 507 434 537 codd.
470 503 613 546 ἀνῆγεν
642 516 807 544 perperam
844 512 965 535 exstat.
1012 504 1174 542 Compara
1202 505 1229 534 si
1259 506 1341 535 tanti
1367 512 1417 534 est
1441 503 1564 534 similia
1587 504 1676 534 Tox.
1702 502 1796 538 c.l2;
1822 501 1899 532 Dial

114 548 334 584 Deor.1V.2;
359 547 543 586 XV111.1;
569 547 754 585 Contempl.
781 548 872 581 0173
898 548 993 582 c.‘20;
1018 547 1151 578 Timon.
1176 547 1271 582 «2163
1296 557 1321 579 c.
1337 548 1392 582 24;
1417 546 1514 583 c.3·2‚·
1539 546 1628 577 c.37.
1655 544 1729 575 alia.

242 599 329 630 Dial.
354 599 453 630 Deor.
474 598 518 629 V·
538 599 564 628 2.
589 595 667 629 οὐδὲ
690 598 800 641 διψῶν
824 595 987 634 πολλάκις
1010 597 1112 634 αἰτεῖς
1135 600 1233 636 πιεῖν,
1257 595 1385 629 ἐνίοτε
1409 596 1452 628 δὲ
1475 595 1539 628 καὶ
1564 591 1830 635 ἀπογευσάμενος
1851 591 1911 633 μό-

112 654 164 673 νον
199 640 323 679 ἔδωκας
356 639 481 682 ἐκείνῳ.
529 641 568 670 1η
603 640 657 670 his
689 650 744 670 cur
779 639 975 670 lacobitzius
1006 640 1176 678 quidquam
1208 641 1383 670 mutaverit
1409 638 1498 669 nulla
1522 637 1668 676 profecto
1691 637 1753 667 fuit
1777 646 1911 671 caussa5

112 685 303 724 propagavit
337 685 425 714 enim
461 679 527 714 ὁτὲ
556 681 597 714 δὲ
625 681 690 712 καὶ
724 684 818 712 trium
844 681 1105 712 membranarum
1130 683 1336 720 scripturam:
1372 688 1503 711 secutus
1527 688 1576 710 est
1600 681 1706 710 editor
1730 679 1909 709 Parisinus.

112 726 275 765 Improbo.
302 726 466 766 Vulgatae
490 724 614 754 duobus
639 724 712 754 aliis
738 724 841 754 honae
865 723 942 754 fidei
967 724 1131 754 codicibus
1157 725 1310 755 defensae
1333 725 1403 762 ipse
1429 730 1586 761 patronus
1605 730 1654 752 est
1670 722 1834 752 Lucianus
1858 721 1912 760 qui

111 776 275 808 receptam
301 770 389 798 vocis
414 768 551 798 sormam
578 777 641 796 non
668 768 767 797 novit.
813 767 863 796 De
888 777 984 797 merc.
1011 767 1101 796 cond.
1126 778 1151 797 c.
1170 767 1217 798 16.
1251 764 1385 797 ἐνίοτε
1415 765 1456 797 δὲ
1484 762 1641 795 κάκεῖνο
1666 761 1844 804 εἶςέρχεταί
1867 774 1912 794 σε.

113 811 249 851 Apolog.
274 822 299 841 c.
312 814 341 842 5.
374 809 502 842 ἐνίοτε
538 808 580 841 δὲ
603 808 670 840 καὶ
693 807 947 849 μαστιγούμενοί
970 820 1055 846 τινες
1078 805 1194 839 αὐτῶν.
1240 808 1370 848 Nigrin.
1397 819 1420 839 c.
1436 809 1464 838 8.
1500 805 1631 838 ἐνίοτε
1661 806 1701 838 δὲ
1725 805 1789 836 καὶ
1813 803 1912 836 αὐτὸν

110 850 167 884 ὑπ’
193 851 369 890 ἀσθενείας
391 851 448 883 τὸν
471 853 544 882 νοῦν
567 850 787 894 διαφθείρων.
837 852 1009 882 Praeterea
1036 850 1124 881 Dial.
1153 850 1327 881 Deor.XI.
1344 852 1387 888 l.3
1413 851 1560 880 Hermot.
1584 850 1680 880 c.81:
1708 847 1794 879 nial.
1815 847 1911 877 Mort.

112 895 153 926 ΙΙ.
176 896 206 933 1;
241 895 368 934 Catapl.
394 907 420 926 c.
446 897 482 932 4,·
507 894 672 924 saturnal.
699 906 723 924 c.
749 895 782 930 '23
808 893 899 923 Rhet.
927 894 1036 924 Praec.
1063 905 1089 924 c.
1116 893 1168 928 173
1195 892 1279 923 Gall.
1304 904 1329 922 c.
1358 893 1409 929 113
1433 893 1472 922 de
1496 891 1606 921 saltat.
1631 892 1720 921 0926.
1745 890 1819 920 Duo
1848 889 1911 919 loci

111 945 237 968 restant
261 940 312 977 qui
338 938 376 968 ab
403 937 513 967 allatis
538 936 705 966 declinant
730 935 984 975 aliquantulum:
1011 935 1192 974 Contempl.
1218 946 1243 965 c.
1263 938 1308 965 lo.
1333 933 1459 966 ἐνίοτε
1482 933 1544 964 καὶ
1570 930 1797 972 ὑποπτήσσειν
1821 933 1914 962 ποιεῖ

113 987 145 1010 et
169 981 207 1010 de
231 982 341 1011 saltat.
369 981 459 1010 c.27.
485 977 612 1010 ἐνίοτε
636 977 701 1009 καὶ
725 979 893 1021 περιᾴδων
916 977 956 1008 τὰ
980 975 1122 1016 ἰαμβεῖα.
1159 977 1322 1007 Videlicet
1347 977 1439 1007 abest
1463 975 1623 1015 particula
1647 975 1694 1014 δέ,
1721 985 1813 1014 q-uam
1840 984 1911 1003 cum

113 1023 263 1053 socordia
287 1022 493 1053 librariorum
519 1021 617 1051 facile
642 1022 796 1051 excidere
822 1022 960 1059 potuerit
985 1021 1158 1050 intermitti
1184 1020 1288 1049 iubeo.

242 1073 329 1105 Dial.
355 1074 453 1104 Deor.
477 1071 534 1102 VI.
560 1073 587 1102 4.
611 1068 680 1102 ἀλλ’
707 1068 843 1102 εἴδωλον
866 1069 901 1102 ἐκ
924 1071 1064 1112 νεφέλης
1088 1068 1297 1109 πλασάμενοι
1321 1066 1401 1110 min}
1426 1080 1479 1100 σοι
1504 1066 1637 1107 ὅμοιον,
1667 1066 1800 1098 ἐπειδὰν
1824 1066 1913 1107 λυθῇ

111 1114 148 1146 τὸ
174 1113 357 1152 συμπόσιον
382 1125 441 1147 etc.
467 1115 571 1144 fuisse
596 1114 745 1152 suspicor
769 1113 947 1154 διαλυθῇ
971 1114 1046 1151 quia
1071 1112 1126 1143 διὰ
1151 1113 1348 1151 praepositio
1378 1123 1395 1141 a
1426 1111 1641 1150 praecedente
1666 1109 1794 1150 syllaba
1820 1108 1912 1138 facil-

111 1157 190 1188 lime
225 1157 394 1188 absorberi
431 1158 533 1197 potuit
563 1164 594 1186 et
623 1157 701 1196 quia
735 1156 868 1186 verbum
894 1154 1041 1186 διαλύειν
1065 1165 1127 1184 non
1154 1156 1261 1184 minus
1286 1155 1324 1184 de
1349 1155 1497 1183 convivio
1522 1152 1628 1183 soluto
1652 1163 1745 1191 quam
1771 1152 1812 1181 de
1838 1161 1912 1181 con-

112 1207 212 1230 ventu
236 1200 374 1230 dimisso
400 1200 619 1231 cummaxime
645 1201 812 1236 usurpavit
837 1198 1012 1228 Lucianus.
1047 1197 1185 1228 Conviv.
1210 1197 1300 1227 c.47.
1327 1195 1382 1227 ἐπὶ
1406 1194 1536 1231 τούτοις
1561 1193 1733 1235 διελύθη
1756 1193 1798 1224 τι)
1824 1205 1912 1232 συμ-

111 1240 269 1274 πόσιον.
317 1242 367 1272 l)e
392 1253 488 1272 merc.
514 1241 661 1271 conduct.
687 1252 713 1270 c.
730 1241 777 1272 18.
800 1239 854 1271 ἵνα
879 1239 961 1271 ποτὲ
985 1238 1040 1270 καὶ
1065 1239 1243 1279 διαλυθῇ
1267 1237 1309 1269 τὸ
1342 1236 1571 1276 συμπόσιον
1594 1244 1626 1266 et
1650 1243 1684 1266 ut
1707 1236 1806 1273 alium
1832 1237 1913 1266 scri-

110 1291 234 1323 ptorem
269 1285 301 1314 in
333 1284 494 1315 auxilium
524 1294 637 1313 vocem
662 1284 760 1313 etiam
788 1281 985 1312 Heliodorus
1011 1292 1073 1311 non
1099 1281 1184 1311 dixit
1210 1282 1274 1310 nisi
1300 1278 1480 1312 διαλύειν
1504 1279 1546 1310 τὸ
1571 1275 1802 1318 συμπόσιον
1826 1285 1857 1308 et
1883 1279 1911 1307 is

111 1327 238 1366 quidem
275 1328 396 1364 pariter
430 1337 468 1356 ac
500 1325 668 1356 Lucianus
694 1324 754 1355 bac
778 1324 949 1354 verborum
975 1324 1120 1362 positura
1144 1333 1273 1361 semper
1298 1323 1481 1353 observata.
1526 1320 1610 1351 Vide
1634 1320 1692 1351 HI.
1717 1332 1742 1352 c.
1768 1322 1817 1351 533.
1841 1318 1911 1360 ὥρα

110 1369 172 1411 γὰρ
197 1367 378 1401 διαλύειν
401 1368 443 1399 τὸ
467 1365 705 1407 συμπόσιον.
730 1366 810 1397 lbid.
836 1378 861 1397 c.
876 1367 926 1396 34.
951 1367 1146 1407 περιήγοντο
1169 1365 1228 1404 μὲν
1252 1363 1285 1396 αἱ
1308 1363 1462 1402 σπονδαί,
1488 1361 1668 1396 διελύετο
1693 1362 1733 1394 δὲ
1756 1362 1798 1394 τὸ
1822 1373 1911 1401 συμ-

110 1411 259 1443 πόσιον
282 1412 336 1442 ubi
361 1418 437 1442 ante
463 1410 600 1441 Coraem
626 1420 793 1448 perperam
819 1406 931 1440 ἐλύετο
956 1408 1137 1449 legebatur.
1163 1409 1289 1438 Caussa
1313 1408 1557 1446 depravationis
1581 1407 1612 1436 in
1639 1413 1749 1444 aperto
1764 1412 1823 1435 est.
1837 1403 1911 1434 VII.

111 1454 202 1485 c.27.
237 1450 299 1495 ἤδη
335 1453 608 1492 διαλυομένου
637 1453 707 1482 τοῦ
731 1449 966 1490 συμποσίου.
1011 1450 1095 1481 Tum
1121 1461 1220 1489 aeque
1246 1451 1284 1480 de
1309 1451 1461 1480 concione
1487 1449 1621 1479 dimissa
1645 1459 1682 1478 ac
1705 1448 1744 1478 de
1768 1448 1912 1486 disputa-

111 1498 201 1527 tione
225 1496 347 1527 soluta:
373 1496 507 1526 lcarom.
533 1506 559 1526 c.
583 1495 634 1524 34.
659 1491 676 1524 ὁ
701 1494 760 1533 μὲν
783 1494 883 1525 ταῦτα
908 1491 1009 1524 εἷηιὺν
1033 1492 1191 1525 διέλυσε
1214 1491 1280 1523 τὸν
1304 1490 1508 1533 σύλλογον.
1535 1491 1704 1531 Peregrin.
1732 1491 1798 1521 αῖ.
1825 1490 1911 1520 δια-

110 1539 254 1580 λυθῆναι
277 1538 314 1570 τὸ
339 1540 482 1580 πλῆθος.
518 1536 742 1575 Pseudosoph.
768 1548 792 1566 c.
812 1536 858 1566 12.
882 1538 939 1566 νῦν
963 1534 1219 1573 διαλύσωμεν
1242 1534 1308 1566 τὸν
1332 1532 1533 1574 διάλογον.
1571 1534 1708 1564 (Ξοηνὶν.
1732 1545 1759 1563 r.
1776 1534 1803 1563 1.
1828 1532 1913 1563 δια-

112 1581 287 1623 λυθῆναι
321 1581 389 1622 τὴν
424 1577 653 1611 συνουσίαν.
700 1579 736 1609 In
762 1578 831 1609 Iov.
857 1578 956 1618 Trag.
981 1579 1072 1609 c.17.
1108 1578 1259 1619 vulgatae
1290 1577 1443 1608 διαλῦσαι
1472 1576 1528 1617 τὴν
1551 1574 1724 1607 συνουσίαν
1748 1575 1913 1612 ceteroqui

112 1625 169 1654 cod
207 1623 376 1654 Guelferb.
402 1624 494 1661 prim.
519 1621 773 1651 adminiculatae
798 1621 950 1651 lectionis
976 1621 1121 1650 ordinem
1148 1621 1296 1650 Luciano
1321 1627 1354 1649 ut
1379 1621 1487 1649 videre
1512 1618 1587 1648 licet
1607 1625 1912 1656 acceptam—nam

111 1665 247 1696 aliorum
273 1668 465 1704 scriptorum
492 1675 583 1694 usum
609 1674 693 1693 nunc
719 1663 817 1694 nolim
844 1664 1006 1701 respicere
1031 1680 1071 1684 ——
1095 1662 1293 1692 Iacobitzius
1319 1673 1382 1692 non
1409 1661 1520 1691 debuit
1545 1660 1674 1690 turbare
1699 1662 1730 1690 in
1757 1661 1911 1700 gratiam-

112 1719 170 1748 que
196 1708 315 1739 codicis
341 1707 555 1738 Gorlitiensis
590 1707 745 1744 adoptare
778 1705 845 1747 τὴν
880 1704 1093 1743 ξυνουσίαν
1123 1705 1312 1736 διαλῦσαι
1339 1706 1369 1735 in
1395 1715 1455 1743 qua
1479 1715 1513 1734 re
1537 1714 1607 1734 euni
1634 1710 1755 1732 temere
1780 1708 1912 1732 secutus

112 1758 162 1781 est
186 1751 290 1781 editor
315 1751 499 1781 Parisinus.

241 1801 327 1831 Dial.
352 1800 449 1831 Deor.
464 1798 563 1830 VIA.
577 1795 696 1840 ἄπαγε,
719 1799 767 1840 μὴ
784 1797 1074 1840 ὥρασινῖκοιτο
1088 1800 1150 1829 τῶν
1165 1795 1247 1839 ὑπὲρ
1261 1795 1360 1828 αὐτὸν
1373 1795 1556 1835 ἐπιθυμῶν.
1581 1795 1830 1833 Circumspecte
1844 1795 1909 1834 egit

110 1843 309 1874 Iacobitzius
318 1843 399 1883 quod
408 1842 577 1873 formulam
592 1841 682 1872 illam
693 1842 896 1872 Comicorum
911 1843 995 1871 unde
1010 1842 1176 1880 depromta
1191 1848 1238 1870 est
1254 1840 1305 1870 hic
1318 1847 1348 1870 et
1362 1838 1484 1869 duobus
1500 1839 1574 1868 aliis
1588 1837 1667 1868 locis
1678 1836 1908 1867 Dial.Mei·etr.

110 1886 157 1918 X.
183 1887 210 1916 3.
233 1893 265 1916 et
289 1887 327 1916 de
352 1884 461 1916 saltat.
486 1896 511 1915 c.
525 1888 554 1916 5.
579 1886 676 1914 etiam
702 1885 849 1914 Luciano
874 1885 1013 1913 reddidit
1038 1895 1093 1922 pro
1118 1884 1258 1914 absurdo
1282 1881 1330 1921 μὴ
1355 1880 1524 1924 ιὸραισιν
1545 1878 1676 1911 ἵκοιτο
1701 1881 1782 1918 quod
1803 1880 1909 1909 Fritz·

112 1929 222 1959 sebius
247 1930 391 1959 retinuit.
440 1926 502 1957 His
528 1927 670 1967 adiungo
695 1926 846 1957 Alexidis
871 1937 998 1956 versum
1030 1928 1081 1963 qui
1113 1933 1162 1956 est
1186 1927 1217 1955 in
1244 1924 1392 1955 Meinek.
1418 1924 1534 1964 Fragg.
1561 1923 1682 1954 Comic.
1708 1923 1823 1953 Graec.
1849 1921 1908 1952 111.

112 1982 139 2010 p.
153 1972 224 2002 507.
259 1970 308 2012 μὴ
344 1968 497 2011 ὥρασιν
532 1969 615 2010 μετὰ
651 1971 715 2000 τῶν
743 1970 851 1999 κακῶν
879 1967 1008 2000 ἰ’κοιϋ)
1034 1967 1051 1999 ὃ
1076 1967 1149 2005 τοὺς
1172 1967 1320 2009 θέρμοις
1344 1964 1458 2009 φαγών
1481 1973 1542 1996 etc.
1568 1967 1658 1996 cuius
1684 1966 1908 2005 integritatem

113 2024 182 2043 cum
217 2013 316 2043 verba
349 2011 433 2052 μετὰ
467 2013 530 2043 τῶν
565 2013 672 2043 κακῶν
706 2013 738 2041 in
775 2012 992 2049 suspicionem
1018 2018 1169 2041 vocasset
1195 2010 1421 2047 casaubonus,
1448 2009 1531 2039 hunc
1555 2009 1586 2038 in
1613 2009 1740 2037 modum
1765 2007 1909 2037 restituit

111 2055 176 2086 Th.
201 2055 378 2096 Bergkius:
413 2053 518 2085 ἰ’κοιτο
553 2054 597 2094 μὴ
633 2052 754 2094 ὥρασιν
790 2051 806 2082 1‘1
844 2053 919 2090 τοὺς
953 2053 1102 2095 θέρμους
1131 2051 1254 2095 φαγών.
1305 2053 1346 2083 Et
1370 2051 1467 2081 habet
1492 2058 1577 2081 certe
1603 2062 1640 2080 ea
1666 2051 1800 2080 mutatio
1825 2050 1908 2088 quod

112 2097 262 2128 mulceat.
309 2099 350 2128 At
386 2108 462 2127 vero
497 2099 648 2136 quoniam
685 2098 716 2126 in
753 2096 812 2126 bac
836 2095 974 2126 formula
998 2097 1075 2126 ordo
1099 2095 1267 2126 verborum
1293 2094 1405 2124 firmus
1430 2094 1557 2124 videtur
1582 2094 1700 2123 fuisse:
1732 2093 1842 2123 nescio
1867 2102 1907 2122 an

112 2139 317 2171 scribendum
343 2141 403 2170 sit:
424 2141 469 2180 μὴ
495 2136 569 2180 δῆθ)
596 2136 694 2181 ιῖίραὸ
718 2135 819 2169 ἵκοιᾶ>
847 2135 863 2169 ὁ
889 2138 965 2175 τοὺς
988 2138 1135 2181 θέρλιιους
1158 2135 1349 2180 oea7r161r18).

214 2266 258 2293 IS)
280 2267 355 2291 Haec
374 2266 540 2298 scripseram
561 2275 620 2291 curn
642 2269 676 2292 ab
695 2265 864 2292 amicissimo
884 2274 944 2290 roeo
968 2264 1212 2290 [tumst-mecum
1232 2264 1424 2295 comperirem.
1445 2263 1614 2288 Meinekium
1635 2263 1661 2288 in
1683 2262 1794 2287 editone
1805 2262 1908 2294 Fragg.

112 2301 188 2341 ςοιῐν.
209 2302 308 2326 Graec.
329 2301 441 2339 minore,
453 2310 479 2332 p.
500 2301 556 2326 758
579 2309 649 2326 nunc
669 2300 818 2326 Hermanni
839 2300 1056 2325 emendationem
1076 2300 1218 2332 recepisse
1238 2298 1320 2324 hanc:
1340 2296 1377 2329 μὴ
1403 2296 1486 2332 ὥρασι
1507 2299 1558 2327 μέν
1575 2297 1579 2328 Ι
1595 2296 1625 2321 τὰ
1645 2297 1697 2321 τῶν
1716 2297 1809 2321 κακῶν
1827 2295 1907 2321 ἵκοιθ’

111 2345 124 2360 ο
144 2344 204 2363 τους
221 2336 341 2369 θέρμους
360 2343 468 2367 epa-stur.
