2318 2945
1189 213 1215 244 4

311 315 501 357 quibusdam
526 315 701 345 simulacris
726 314 949 345 concinnandis
972 314 1133 355 positurus
1156 321 1255 350 esset3
1280 314 1373 345 simul
1396 322 1500 345 autem
1516 322 1609 355 atque
1625 315 1751 345 domum
1765 315 1902 350 intravit,
1926 315 2100 347 avunculus

316 359 451 399 benigne
475 365 640 399 exceptum
665 363 736 387 ante
760 358 864 387 omnia
887 358 1022 398 primum
1038 360 1103 397 (καὶ
1126 359 1162 388 τό
1183 370 1214 395 γε
1238 359 1379 397 πρῶτον)
1394 357 1564 398 praemissa
1590 357 1776 398 proverbiali
1802 358 1954 388 sententia
1977 359 2098 395 edocet,

315 412 395 441 quae
418 400 470 441 qui
494 407 592 431 artem
616 400 735 429 discere
759 406 940 441 coeperunt,
964 400 1162 440 potissimum
1187 399 1354 430 observare
1377 400 1519 430 debeant.
1560 399 1596 429 In
1620 399 1668 429 his
1691 400 1766 440 quid
1791 411 1907 440 quaeso
1931 401 2100 431 obscurum

316 449 371 473 aut
391 442 535 473 mutilum
560 443 794 482 laceratumque
817 443 887 473 est?
931 442 1073 472 Afferam
1097 442 1191 472 alium
1216 442 1335 481 locum,
1362 442 1392 472 in
1416 454 1478 483 quo
1503 442 1687 483 explicando
1711 443 1765 482 qui
1788 449 1932 474 accurate
1955 443 2099 474 conside—

314 485 445 522 raverit,
479 496 537 516 nec
559 485 629 525 plus
654 494 746 524 quam
773 485 905 526 scriptor
927 484 994 525 ipse
1018 485 1121 515 dicere
1144 484 1241 515 voluit
1265 484 1448 525 quaesierit,
1478 485 1503 514 is
1527 484 1611 514 nullo
1634 485 1761 516 neuotio
1781 485 1951 526 intelligere
1973 485 2097 527 poterit,

313 538 369 558 cur
381 539 398 558 a
411 527 589 558 novissimis
602 526 737 557 Luciani
750 526 920 557 editoribus
934 527 1159 558 discedendum
1173 527 1294 558 ducam.
1319 526 1486 568 Leguntur
1499 528 1579 557 enim
1594 537 1618 558 e.
1632 528 1660 558 4.
1676 527 1769 557 haec:
1795 529 1863 559 ἐπεὶ
1886 529 1941 567 νὺξ
1963 529 2096 570 ἐπῆλθε,

313 570 516 612 κατέδαρθον
549 570 592 600 ἔτι
625 569 776 610 ἔνδακρυς
802 573 854 600 καὶ
878 570 931 611 τὴν
954 570 1045 609 νύχθ’
1071 570 1146 611 ὅλην
1170 570 1288 600 ἐννοῶν
1312 594 1318 600 .
1343 594 1350 600 .
1375 594 1382 600 .
1428 569 1464 600 In
1489 569 1536 600 his
1559 570 1679 610 primus
1703 570 1786 610 quod
1810 571 1907 601 sciam
1931 571 2097 601 Bekkerus

314 612 445 643 offendit
467 613 520 653 qui
543 622 685 642 mancam
710 613 895 642 sententiam
919 623 988 642 esse
1012 618 1097 642 ratus
1121 613 1265 643 lacunam
1288 612 1331 642 ita
1355 612 1541 653 explendam
1565 613 1714 643 coniecit:
1744 613 1783 643 τὰ
1806 615 1968 654 συμβάντα
1992 615 2097 654 ἐστρε-

314 656 431 697 φόμην.
477 654 690 685 Vehementer
722 653 893 695 probarunt
916 654 1101 685 Dindorfius
1125 661 1155 685 et
1178 654 1387 691 Fritzschius,
1411 656 1462 695 qui
1486 661 1520 685 ut
1544 656 1741 686 coniecturae
1764 655 1806 684 illi
1831 656 1980 686 maiorem
2003 655 2099 688 fidem

313 699 445 733 faceret,
481 703 605 738 praeter
626 696 724 727 Arist.
749 696 854 729 Nubb.
879 698 929 729 36.
954 705 1026 739 apte
1061 697 1255 738 comparavit
1289 696 1385 728 Hom.
1410 698 1444 729 ΙΙ,
1468 697 1599 730 XXIV.
1624 699 1654 730 5.
1679 724 1685 730 .
1711 724 1716 729 .
1741 698 1817 729 οὕδέ
1837 711 1890 739 μιν
1912 699 2012 736 ὕπνος
2034 701 2099 742 ᾔρει

314 739 547 780 πανδαμάτωρ,
591 739 662 770 ἄλλ’
695 739 853 781 ἐστρέφετ’
891 741 975 771 ἔνθα
1008 743 1060 771 καὶ
1092 741 1176 771 ἔνθα
1209 742 1398 781 Πατρόκλου
1432 742 1566 772 ποθέων
1599 740 1758 782 ἁδροτῆτά
1791 753 1823 771 τε
1851 746 1903 772 καὶ
1929 736 2092 784 μένοςιῆύ.

313 782 449 812 Etiamsi
472 782 556 812 nullo
580 781 673 812 modo
697 781 849 820 dubitem,
873 783 947 823 quin
971 782 1135 813 Lucianus
1159 783 1270 814 eadem
1294 793 1421 823 prorsus
1443 783 1492 813 vel
1517 783 1610 813 simili
1632 784 1805 814 insomniae
1828 783 1966 825 imagine
1989 785 2100 816 turbu-

313 823 429 855 lentam
464 835 552 855 suam
587 824 682 855 animi
716 830 936 865 tempestatem
965 825 1136 867 depingere
1168 825 1319 866 potuerit,
1355 836 1503 866 perquam
1539 831 1642 856 tamen
1677 826 1790 856 mirum
1813 826 1953 865 videtur,
1988 836 2098 858 omnes

314 872 469 907 quotquot
502 867 605 897 collati
640 873 712 897 sunt
746 867 869 898 codices
903 868 934 899 in
969 868 1029 898 hac
1063 868 1195 898 lectione
1224 868 1414 898 concordare
1445 875 1474 898 et
1498 879 1535 898 ne
1558 868 1588 899 in
1613 880 1673 899 uno
1698 869 1824 909 quidem
1849 869 1947 899 ullum
1969 869 2100 901 lacunae

312 909 483 950 vestigium
516 909 657 941 inveniri.
704 908 770 940 Sed
801 921 839 940 ne
867 910 945 941 haec
969 911 1097 951 quidem
1120 910 1217 941 verba
1241 911 1413 951 quidquam
1436 909 1551 940 habent
1574 911 1778 943 difficultatis.
1823 910 1909 942 Nihil
1933 912 2015 943 enim
2039 913 2099 943 im-

311 951 400 993 pedit
434 952 603 992 quominus
626 952 757 983 verbum
779 954 1040 994 καταδαρθάνειν
1062 953 1170 984 latiore
1194 952 1424 995 significatione
1446 954 1491 984 ita
1514 954 1700 995 accipiatur,
1731 961 1765 985 ut
1787 955 2050 996 καταδαρθάνειν
2071 956 2098 985 is

312 994 449 1031 dicatur,
485 995 538 1034 qui
573 1006 644 1026 cum
667 995 802 1025 interdiu
825 996 942 1037 aliquid
965 997 1088 1028 molesti
1113 1003 1142 1026 et
1166 996 1288 1027 adversi
1314 1005 1462 1037 expertus
1487 995 1527 1026 sit
1549 1002 1603 1026 aut
1626 1007 1700 1027 cura
1722 1008 1838 1038 pavore
1861 1004 1946 1028 metu
1969 998 2101 1039 aliisque

311 1037 407 1067 animi
429 1037 716 1077 perturbationibus
742 1038 914 1076 afficiatur,
944 1046 1038 1070 noctu
1061 1040 1196 1070 dormire
1219 1046 1354 1080 nequeat
1378 1039 1432 1069 sed
1456 1039 1529 1080 quia
1551 1050 1610 1070 non
1635 1050 1690 1080 per
1712 1040 1816 1070 omnia
1839 1040 1976 1081 corporis
1999 1051 2100 1071 mem-

314 1079 370 1110 bra
393 1080 530 1120 quietem
558 1091 650 1122 sopor
673 1080 796 1118 emittit,
822 1082 1031 1113 semisomnus
1054 1083 1085 1113 in
1109 1082 1189 1112 lecto
1212 1081 1274 1113 huc
1297 1082 1370 1113 illuc
1394 1082 1538 1112 volvatur
1566 1092 1624 1112 nec
1647 1089 1749 1113 tamen
1774 1083 1868 1113 animi
1892 1093 1983 1114 curas
2006 1083 2100 1114 alias-

312 1133 373 1163 que
407 1122 522 1162 quibus
555 1130 688 1154 vexatur
720 1124 874 1164 imagines
909 1136 947 1155 ex
975 1133 1101 1165 pectore
1135 1125 1246 1156 eiicere
1279 1124 1386 1166 possit.
1433 1124 1514 1163 Quis
1549 1125 1631 1155 enim
1661 1131 1722 1162 est,
1759 1125 1812 1165 qui
1846 1136 1906 1155 non
1940 1126 2009 1167 ipse
2036 1126 2100 1156 iam

313 1175 408 1206 saepe
441 1164 525 1195 hunc
559 1165 732 1197 dormiendi
768 1166 860 1197 simul
895 1175 925 1198 et
953 1168 1192 1209 expergiscendi
1225 1174 1341 1198 statum
1372 1168 1525 1198 senserit?
1569 1166 1688 1198 Verum
1713 1168 1738 1198 si
1763 1175 1809 1199 est
1833 1168 1916 1209 quod
1940 1167 2101 1209 disputavi

312 1206 388 1238 nihil
423 1207 578 1239 excidisse
612 1209 743 1240 affirmo.
790 1207 961 1241 Obiectum
997 1211 1078 1241 enim
1114 1211 1270 1241 enunciati
1301 1210 1383 1250 quod
1407 1216 1534 1251 propter
1556 1210 1754 1251 participium
1780 1211 1898 1241 ἐννοῶν
1921 1210 2099 1242 vehementi

312 1249 416 1280 studio
439 1251 592 1291 expetit2)
615 1251 811 1288 DindorfiuS‚
837 1252 981 1293 equidem
1006 1265 1066 1284 non
1090 1259 1211 1283 tantum
1235 1254 1368 1294 requiro,
1394 1263 1464 1282 cum
1489 1264 1527 1283 ex
1549 1253 1588 1282 iis
1611 1263 1691 1292 quae
1715 1254 1919 1290 antecedunt,
1943 1254 2034 1284 facile
2051 1254 2099 1284 in·

313 1292 480 1332 telligatur.
526 1292 657 1324 Vertas:
694 1293 848 1325 nachdem
883 1295 933 1326 die
961 1295 1067 1326 Nacht
1089 1295 1276 1336 gekommen
1308 1308 1384 1329 war,
1420 1294 1531 1325 schlief
1558 1294 1608 1325 ich
1633 1295 1715 1325 mich
1739 1295 1882 1326 walzend
1905 1295 1986 1326 noch
2009 1302 2100 1327 unter

312 1334 460 1365 Thranen
484 1335 547 1365 und
569 1334 786 1367 Nachdenken
810 1336 961 1368 wahrend
983 1338 1038 1368 der
1060 1349 1183 1379 ganzen
1206 1337 1320 1370 Nacht.
1366 1337 1478 1369 Paullo
1503 1344 1594 1368 antea
1615 1338 1763 1379 leguntur
1792 1338 1886 1368 haec:
1921 1338 2098 1380 ἄγανακτη-

312 1380 446 1419 σαμένης
469 1378 502 1408 δὲ
526 1380 578 1419 τῆς
597 1379 713 1420 μητρὸς
735 1383 788 1410 καὶ
809 1380 915 1411 πολλα
938 1383 981 1423 τῷ
1005 1381 1140 1423 ἀδελφῷ
1162 1381 1430 1423 λοιδορησαμένης
1452 1404 1459 1410 .
1474 1404 1481 1410 .
1505 1382 1638 1411 formam
1657 1381 1777 1411 Aoristi
1801 1381 2095 1423 εἷγανακτησαμένης

310 1431 404 1461 quam
428 1431 535 1450 omnes
559 1421 627 1451 libri
651 1428 681 1452 et
694 1421 834 1453 Thomas
859 1422 948 1463 Mag.
972 1423 1044 1456 416.
1069 1423 1197 1461 habent,
1223 1423 1315 1454 hodie
1337 1424 1399 1454 iam
1424 1433 1484 1453 non
1502 1423 1616 1463 poterit
1634 1434 1673 1453 ex
1690 1423 1830 1454 hocloco
1846 1423 1975 1461 moveri,
1999 1435 2099 1465 quan-

309 1474 402 1503 quam
415 1463 477 1493 iam
490 1463 612 1503 pridem
626 1466 750 1495 fuerunt
764 1465 817 1505 qui
833 1465 996 1496 barbaram
1011 1477 1080 1496 eam
1095 1477 1164 1497 esse
1181 1472 1210 1498 et
1223 1467 1329 1507 potius
1348 1466 1667 1507 ἅγανακτησάσης
1685 1465 1912 1496 restituendum
1927 1471 2098 1497 censerent.

309 1505 353 1536 Et
376 1516 436 1546 ego
459 1516 583 1546 quoque
606 1507 691 1548 apud
714 1505 894 1538 Lucianum
920 1518 989 1538 eam
1012 1511 1145 1540 formam
1170 1510 1303 1540 mallem.
1351 1508 1416 1540 Sed
1444 1519 1545 1548 neque
1569 1508 1755 1539 Dindorfius
1777 1519 1877 1549 neque
1900 1507 2100 1540 Fritzschius

308 1548 505 1589 proscribere
528 1548 704 1587 voluerunt,
730 1556 761 1580 et
783 1557 867 1580 recte
892 1551 1028 1591 quidem,
1063 1552 1138 1591 quia
1161 1552 1284 1583 videtur
1307 1557 1412 1583 tamen
1435 1550 1554 1591 aliquid
1577 1550 1709 1588 habere,
1744 1562 1806 1592 quo
1839 1551 1966 1582 defendi
1988 1551 2099 1593 possit.

309 1590 534 1621 Defensionem
560 1598 664 1622 autem
689 1592 850 1634 suscipere
874 1593 1019 1625 conabor.
1066 1593 1344 1634 Quemadmodum
1370 1595 1452 1625 enim
1475 1605 1574 1635 paene
1597 1594 1744 1635 quodque
1762 1593 1894 1625 verbum
1917 1595 2100 1625 transitivae

310 1633 551 1675 significationis
574 1635 791 1666 intransitivae
814 1642 960 1666 naturam
982 1636 1112 1668 induere
1135 1643 1240 1679 potest
1262 1638 1306 1668 ita
1329 1637 1471 1669 vicissim
1488 1636 1634 1678 quodque
1647 1639 1712 1668 fere
1724 1637 1955 1668 intransitivum
1970 1636 2102 1668 verbum

308 1676 442 1707 colorem
465 1676 649 1708 transitivae
671 1679 806 1709 notionis
830 1678 960 1710 duxisse
984 1680 1132 1711 credibile
1156 1687 1220 1719 est,
1245 1691 1340 1722 quare
1364 1683 1483 1712 factum
1507 1686 1570 1717 est,
1595 1686 1629 1710 ut
1654 1678 1769 1711 Graeci
1792 1679 1863 1721 ipsi,
1888 1690 1959 1710 cum
1983 1682 2101 1711 formas

306 1719 426 1760 passivi
449 1724 503 1749 aut
525 1719 620 1750 medii
644 1721 768 1762 generis
791 1721 862 1763 plus
886 1722 1030 1754 minusve
1053 1723 1265 1761 admitterent,
1290 1723 1352 1754 vim
1377 1723 1501 1765 generis
1525 1722 1681 1763 frequenti
1704 1733 1763 1753 usu
1786 1722 1965 1753 hebetatam
1982 1722 2100 1753 sensim

308 1768 494 1794 everterent.
538 1761 619 1793 Rem
653 1769 688 1794 ut
722 1765 832 1805 paucis
861 1765 1014 1806 exemplis
1037 1765 1255 1797 administrem
1270 1768 1310 1804 8y:
1344 1767 1476 1798 verbum
1500 1765 1668 1806 ἀπορεῖν
1691 1764 1777 1805 quod
1799 1765 1902 1806 ipsum
1928 1765 2098 1796 maximam

306 1810 428 1846 partem
455 1805 653 1837 intransitivo
682 1806 841 1838 intellectu
874 1807 920 1838 uti
954 1814 1093 1846 constat,
1128 1809 1247 1851 passim
1282 1809 1367 1850 apud
1402 1809 1516 1845 bonos,
1551 1808 1744 1849 frequentius
1773 1807 1857 1849 apud
1881 1808 2007 1839 serioris
2030 1806 2101 1838 aevi

308 1847 489 1888 scriptores,
524 1848 679 1888 imprimis
711 1851 796 1891 apud
827 1850 1033 1881 Plutarchum
1057 1851 1088 1882 in
1112 1863 1212 1894 genus
1235 1852 1398 1893 passivum
1428 1853 1471 1883 ita
1505 1851 1632 1888 transit,
1667 1856 1701 1881 ut
1735 1849 1924 1891 significatio
1946 1850 2023 1881 nihil
2046 1855 2102 1881 aut.

307 1890 436 1932 paulum
459 1902 478 1921 a
501 1889 732 1931 significatione
755 1893 850 1923 activi
873 1894 997 1934 generis
1021 1894 1188 1936 discrepet.
1234 1895 1284 1926 Ita
1306 1895 1368 1926 iam
1392 1895 1473 1927 Plat.
1497 1893 1658 1925 Alcib.II.
1680 1895 1746 1926 148.
1761 1893 1798 1925 D.
1822 1893 1943 1935 legatos
1967 1894 2007 1923 ad
2031 1904 2101 1924 ora-

309 1933 414 1964 culum
449 1933 535 1963 Iovis
565 1934 729 1965 Ammonii
763 1935 841 1966 haec
876 1936 1016 1967 dicentes
1050 1937 1141 1968 facit:
1176 1939 1249 1975 τούς
1277 1938 1474 1980 Ἀθηναίους
1508 1937 1764 1976 ἀγανακτοῦντας
1790 1938 1833 1979 τῷ
1862 1938 2023 1977 πράγματι
2044 1938 2096 1967 καὶ

308 1975 620 2021 ἀπορουμένους
653 1980 712 2008 τίνι
745 1979 803 2020 χρὴ
835 1982 957 2023 μηχανῇ
986 1982 1047 2011 τῶν
1075 1982 1247 2022 παρόντων
1276 1984 1380 2013 κακῶν
1403 1980 1593 2022 ἀποτροπὴν
1615 1978 1716 2020 εὕρεῖν
1738 1992 1765 2010 κ.
1790 1992 1816 2011 τ.
1839 1979 1866 2009 λ.
1912 1978 1960 2012 Id.
1984 1978 2096 2020 Hippi·

307 2017 387 2051 Mai.
410 2019 482 2051 256.
496 2018 537 2050 D.
560 2023 612 2050 καὶ
634 2020 692 2058 ἐγώ
716 2021 769 2052 διὰ
792 2021 846 2063 την
869 2023 946 2064 ἐμὴν
969 2022 1156 2065 φαυλότητα
1178 2024 1409 2066 ἠπορούμην
1430 2037 1463 2055 τε
1485 2027 1536 2054 καὶ
1559 2023 1614 2054 οὔκ
1637 2024 1722 2061 εἶχον
1749 2022 1834 2064 αὐτῷ
1863 2022 1943 2052 κατὰ
1975 2023 2097 2063 τρόπον

308 2061 557 2103 ἀποκρίνασθαι.
602 2062 753 2105 Xenoph.
779 2065 841 2096 An.
862 2064 921 2098 VI.
940 2067 1015 2098 1.21
1042 2092 1048 2097 ,
1073 2092 1079 2098 ,
1103 2067 1301 2109 ἠπορεῖτο·
1325 2068 1587 2109 ἀπορουμένῳ
1610 2065 1645 2096 δὲ
1669 2064 1753 2105 (aliiz
1779 2064 2098 2106 διαπορουμένῳ)

421 2159 448 2184 ⁸2)
466 2159 506 2183 De
525 2167 614 2184 somno
642 2160 712 2185 facili
736 2164 815 2193 atque
842 2163 991 2187 intermisso
1013 2163 1124 2189 verbum
1152 2162 1368 2198 καταδαρθάνειν
1394 2164 1505 2195 usurpat
1520 2162 1655 2186 Lucianus
1678 2161 1711 2185 de
1728 2169 1809 2185 merc.
1826 2159 1900 2184 cond.
1919 2157 1953 2184 30
1971 2157 2097 2184 ἀπελθὼν

307 2191 353 2218 τοῦ
371 2192 481 2217 δείπνου
500 2192 599 2227 μικρόν
616 2203 640 2218 τι
658 2194 831 2229 κατέδαρθες
849 2205 898 2222 nec
917 2205 992 2222 secus
1011 2198 1038 2221 in
1057 2198 1167 2224 Icarom.
1187 2208 1208 2224 c.
1224 2198 1265 2223 28.
1285 2200 1331 2223 ubi
1350 2198 1410 2222 dum
1429 2198 1491 2222 deos
1509 2197 1679 2227 hominesque
1697 2204 1743 2227 per
1763 2198 1844 2219 totam
1861 2197 1964 2218 noctem
1982 2193 2096 2219 incunda

308 2229 382 2260 quies
400 2228 504 2257 mulcet,
530 2229 683 2261 Menippum
712 2231 796 2262 ipsum
815 2233 959 2256 insomnem
978 2240 1009 2256 ac
1028 2232 1060 2256 de
1079 2234 1169 2259 multis
1188 2235 1266 2259 rebus
1284 2233 1462 2262 meditantem,
1488 2235 1542 2256 tum
1561 2231 1679 2262 paullum
1698 2230 1930 2254 obdormissentem
1947 2229 2010 2253 facit
2026 2226 2093 2261 (τότε

307 2261 360 2295 μὲν
377 2258 426 2287 οὖν
444 2260 542 2295 μικρὸν
560 2271 583 2287 τι
602 2264 789 2298 κατέδαρθον).

421 2297 446 2327 3)
465 2298 580 2322 Iudicem
606 2299 746 2324 verborum
773 2300 806 2324 ad
833 2300 859 2324 id
882 2301 1037 2325 collatorum
1061 2309 1118 2326 cum
1137 2303 1175 2327 ita
1193 2302 1340 2334 depositum
1357 2302 1482 2331 habeam,
1501 2303 1530 2325 ut
1547 2301 1575 2324 in
1593 2300 1744 2332 praesentia
1762 2299 1881 2324 invenire
1899 2305 2025 2329 nequeam
2043 2304 2097 2321 ma-

307 2339 422 2364 gnopere
442 2331 525 2361 doleo,
545 2333 613 2364 quod
631 2341 686 2358 rem
706 2335 824 2366 pluribus
844 2336 967 2368 persequi
987 2343 1038 2360 non
1057 2343 1170 2367 possum.
