2128 2668
962 223 1013 255 14

87 327 289 357 vicinitatem
325 325 422 356 facile
458 327 563 364 perire
599 327 816 364 potuerit¹³).
864 324 969 364 Atque
1004 326 1145 355 aoristus
1180 324 1255 355 inde
1283 326 1444 364 profectus
1469 331 1597 363 praeter
1619 323 1708 354 locos
1734 332 1814 360 quos
1838 332 1880 352 ex

88 368 268 399 Heliodoro
293 369 356 398 iam
382 366 526 398 Lobeck.
552 369 592 398 ad
616 367 738 406 Phr-yn.
764 378 792 405 p.
817 367 888 399 740.
913 367 1035 404 attulit,
1059 368 1218 405 reperitur
1240 366 1359 398 ibidem
1386 367 1425 397 V.
1451 368 1518 398 αθ.
1543 363 1765 407 κερδήσωμενς
1790 363 1830 393 V.
1855 375 1880 393 c.

87 412 137 442 29.
161 408 384 452 κερδήσαιτες.
430 409 521 440 Adde
546 409 664 440 Achill.
689 410 766 440 Tat.
792 410 834 439 V.
859 421 885 440 c.
911 412 937 439 ti.
963 407 1192 449 ἐκερὸήσαμεν.
1225 409 1350 439 Charit.
1375 409 1434 439 Vl.
1459 420 1483 439 c.
1496 410 1526 438 2.
1551 405 1722 448 κερδήσας.
1747 423 1788 428 -—
1817 402 1882 436 Οἰ-

85 450 209 492 μώξει
232 451 287 483 καὶ
309 449 482 482 κλαύσεται
506 451 612 492 Long.
638 452 730 482 Past.
755 450 814 481 111.
839 463 864 482 c.
890 454 939 482 19.
963 461 1145 492 quanquam
1170 452 1223 490 qui
1247 449 1424 490 οἰμώξεται
1454 450 1550 482 scribi
1576 449 1655 479 velit
1678 459 1729 478 me
1753 448 1880 486 quidem

88 497 221 526 omnino
256 504 319 523 non
355 495 582 524 adversantem
619 493 761 524 habebit.
807 493 870 523 Sed
895 495 1033 524 activam
1066 493 1160 523 huius
1184 494 1283 523 futuri
1308 495 1442 524 formam
1469 494 1550 523 satis
1575 491 1795 522 communiunt
1818 490 1880 520 duo

88 539 140 577 qui
165 538 196 566 in
222 542 349 575 promtu
374 543 449 566 sunt
473 547 513 566 ex
539 535 719 566 Heliodoro
743 535 807 566 loci
833 535 889 566 lv.
913 547 939 566 c.
964 536 997 571 65
1023 534 1114 565 VIII.
1139 546 1165 565 c.
1193 536 1239 566 13.
1266 536 1327 566 Adi
1353 535 1524 566 Monkium
1550 535 1590 564 ad
1615 534 1689 563 Eur,
1716 531 1785 562 Alc.
1808 533 1880 561 645.

87 596 128 602 —
154 576 368 620 Πήσεσθαι
393 577 523 608 Heliod.
548 577 644 608 Vlll.
669 590 694 608 c.
724 579 774 613 153
805 578 850 608 X.
875 590 900 608 c.
927 579 974 607 16.
1020 577 1057 607 In
1083 577 1190 607 verbis
1214 588 1294 616 quae
1319 587 1394 608 sunt
1423 578 1504 616 apud
1530 577 1675 607 Ctesiam
1702 576 1734 604 in
1762 574 1880 604 Persic.

87 624 155 652 αὔ.
179 621 229 651 ed.
255 621 348 651 Lion.
378 617 526 662 Οἷβαρᾶς
548 619 669 657 (Bekk.
697 617 858 660 Οἰβάρας)
895 618 1012 656 δεδιὼς
1032 618 1078 660 μὴ
1100 618 1142 650 τὰ
1166 617 1267 658 ὅμοια
1291 620 1479 652 πείσεται
1503 621 1683 656 scripturae
1708 614 1879 657 πήσεται

87 664 226 703 vestigia
261 664 455 692 monstravit
490 663 594 692 codex
631 661 868 692 Bessarioneus
898 662 982 700 apud
1018 661 1204 692 Bekkerum
1236 663 1268 691 in
1304 662 1413 692 Plxotii
1445 661 1527 692 Bibl.
1553 658 1699 691 LXXII.
1724 670 1751 697 p.
1776 659 1825 688 36.
1850 656 1878 686 b.

87 706 137 736 30.
162 722 202 727 —-
225 704 409 743 Πέτομαι
435 704 524 735 verbi
549 706 689 734 futurum
716 706 802 734 inter
825 702 1012 744 πετήσομαι
1037 711 1068 733 et
1093 701 1261 744 πιήσομαι
1285 704 1417 734 vacillat
1442 705 1522 742 apud
1547 704 1726 733 Lucianum
1741 702 1794 739 qui
1809 699 1878 729 bre-

86 749 177 778 τίοι-θ
200 746 259 777 hac
284 754 315 776 et
340 746 486 787 legitima
510 747 614 776 forma
639 748 711 776 sine
737 746 803 777 ulla
827 746 979 776 lectionis
1004 747 1222 784 discrepantia
1246 748 1345 776 utitur
1369 747 1481 776 Prom.
1506 745 1547 775 11.
1572 756 1596 775 c.
1621 746 1649 774 2.
1674 739 1879 782 καταπτήσε-

87 800 157 827 ‘tam
191 789 279 819 Tim.
315 799 340 818 c.
364 791 412 820 40.
450 786 700 830 dvaxtvfoogzaz:
726 790 910 818 reiectanea
935 788 993 818 illa
1018 788 1124 819 Prom.
1149 787 1190 818 11.
1217 799 1242 818 c.
1266 789 1317 818 20.
1347 785 1611 829 ἓπιπετὴσεσθαι
1643 797 1735 825 quam
1761 785 1879 814 iniuria

86 840 121 862 ut
146 832 292 870 equidem
318 830 459 860 arbitror
483 842 500 860 e
525 832 593 861 cod.
618 830 756 860 Vindob.
783 832 853 861 123.
879 831 980 860 edidit
1004 830 1201 861 Iacobitzius
1226 838 1257 860 et
1282 831 1384 868 Epist.
1409 829 1538 860 Saturn.
1562 840 1586 859 c.
1609 830 1659 859 35.
1683 825 1880 867 ἐκτιειήσον-

85 886 149 906 ται.
196 874 238 903 At
273 884 349 903 vero
374 873 553 903 Lucianum
578 874 623 902 ita
648 874 822 911 scripsisse
846 874 903 903 vix
934 873 1012 902 mihi
1043 875 1124 902 satis
1150 874 1251 911 liquet
1277 879 1307 901 et
1332 880 1465 911 utroque
1491 872 1563 902 loco
1587 872 1726 900 futurum
1754 868 1880 898 Atthidi

85 918 240 946 usitatum
267 916 501 945 restituendum
528 916 643 946 iudico.
669 932 708 938 -·-
731 913 897 946 Πλεὺσω
922 915 1019 945 futuri
1044 916 1206 953 optativus
1231 911 1368 945 πλεύσοι
1394 923 1443 944 est
1467 914 1548 952 apud
1575 913 1697 943 charit.
1724 911 1781 942 lll.
1806 914 1880 943 (πὸς

84 959 282 992 indicativus
308 959 480 997 compositi
511 958 700 988 συνεκπλεῖν
724 959 806 996 apud
837 957 988 988 Eumath.
1012 957 1076 987 Xl.
1100 968 1128 995 p.
1155 958 1225 988 392.
1255 955 1500 993 συνεκπλεῖ-σω
1537 955 1597 985 VI.
1623 966 1651 993 p.
1677 956 1747 985 268.
1773 964 1880 983 σωέκ·

85 998 257 1038 πλεύσειςς
292 1000 370 1029 Vll.
395 1011 421 1037 p.
447 1000 517 1031 218.
543 997 790 1031 συνεκπλεῦσαι
827 997 959 1031 πλεῦσω
995 999 1092 1030 habet
1118 999 1270 1029 Philemo
1296 1000 1447 1029 Comicus
1472 999 1564 1036 apud.
1589 995 1734 1027 Meinek.
1761 996 1880 1035 Fragg.

41 1074 50 1081 ,
86 1044 210 1073 Comic.
236 1042 351 1072 Graec.
374 1042 435 1071 IV.
462 1051 490 1080 p.
516 1044 565 1072 45.
591 1060 629 1064 —
653 1039 819 1073 Πνεύσω
843 1043 943 1073 futuri
969 1042 1112 1080 optativo
1136 1052 1215 1071 usus
1240 1050 1289 1071 est
1316 1041 1465 1072 Eumath.
1490 1039 1561 1070 VH.
1588 1049 1617 1078 p.
1643 1040 1714 1069 284.
1739 1037 1783 1078 μὴ
1809 1060 1815 1067 .
1841 1059 1847 1067 .
1873 1059 1880 1067 .

87 1082 327 1121 ἄντιπνεύσοις,
352 1101 391 1106 —
419 1083 553 1125 Τρέχω
578 1085 696 1114 format
722 1084 863 1114 sunu-um
889 1081 1124 1125 ἀποθρέξομαι
1150 1084 1228 1113 Luc.
1256 1083 1396 1121 Lexiph.
1421 1094 1445 1114 c.
1471 1084 1498 1113 3.

212 1126 294 1157 Tam
331 1126 415 1156 bona
450 1128 626 1156 occasione
660 1126 785 1165 aliquot
809 1127 950 1156 aoristos
980 1127 1100 1163 primos
1135 1125 1305 1155 verborum
1332 1126 1634 1164 anthypotactorum
1666 1133 1684 1152 a
1708 1128 1880 1152 consuetu-

85 1170 160 1200 dine
186 1170 365 1200 Atticorum
401 1168 528 1198 alienos
564 1179 633 1198 cum
670 1180 688 1198 a
714 1168 884 1198 Lobeckio
909 1167 1123 1198 dilectissimo
1154 1174 1362 1205 praeceptore
1388 1169 1421 1197 in
1446 1166 1722 1197 commentatione
1747 1164 1880 1204 egregia

84 1211 142 1242 illa
166 1212 206 1241 ad
230 1211 335 1250 Phyn.
360 1220 388 1249 p.
413 1211 483 1241 713.
519 1211 667 1248 deposita
697 1210 925 1240 inobservatos
950 1211 1131 1239 invenirem
1157 1210 1318 1240 coronidis
1344 1209 1415 1239 loco
1441 1209 1636 1248 subiungere
1661 1206 1792 1244 placuit:
1828 1204 1881 1236 ἵνα

84 1251 228 1295 ἐξάξῃς
250 1250 337 1293 ἡμᾶς
360 1250 427 1283 ἀπὸ
453 1250 551 1293 ζάλης
576 1252 725 1282 Eumath.
752 1252 829 1282 VII.
852 1253 967 1290 p.29f›.
989 1249 1219 1291 Ἀναλήψας
1243 1252 1368 1283 Charit.
1393 1251 1536 1282 111.c.1.
1557 1255 1690 1288 occupat
1704 1249 1880 1278 editionem

83 1296 306 1334 Lipsiensem.
352 1294 505 1325 Dorvillii
541 1296 728 1325 coniectura
763 1291 938 1337 ἀνανήψας
972 1295 1114 1324 omnium
1149 1294 1217 1324 fere
1242 1294 1390 1332 plausum
1415 1294 1507 1323 feret.
1555 1293 1677 1323 Aoristi
1702 1292 1881 1328 scripturae

84 1334 338 1370 ἄπελεὺσασθαι
373 1348 467 1376 quam
503 1337 673 1367 Charitoni
698 1338 724 1367 1.
750 1347 776 1368 c.
801 1338 827 1367 3.
861 1337 1074 1367 auferendam
1109 1337 1223 1366 merito
1258 1336 1424 1366 contendit
1460 1334 1542 1365 Lob.
1570 1336 1595 1366 l.
1621 1345 1647 1364 c.
1673 1342 1700 1372 p.
1725 1334 1797 1363 722.
1832 1333 1882 1361 in-

86 1390 215 1411 cassum
239 1381 461 1418 patrocinatus
487 1387 536 1409 est
562 1378 758 1409 Dan-illius:
785 1389 859 1409 nam
884 1380 939 1408 vix
964 1389 1099 1418 usquam
1125 1378 1262 1408 alterum
1287 1380 1430 1416 reperias
1462 1376 1655 1415 exemplum.
1701 1375 1783 1405 Tale
1807 1373 1881 1413 quid

84 1423 180 1453 hodie
204 1432 245 1452 ne
268 1423 394 1452 tirones
419 1423 550 1461 quidem
577 1423 738 1462 corrigere
763 1421 970 1458 dubitabunt,
995 1422 1111 1459 quippe
1136 1422 1257 1458 pariter
1280 1421 1459 1450 inauditum
1486 1426 1517 1449 et
1543 1426 1653 1450 contra
1678 1428 1803 1447 omnem
1831 1427 1880 1445 ra-

85 1467 207 1495 tionem
231 1465 405 1494 formatum
431 1475 467 1494 ac
491 1464 604 1494 Pauvii
629 1461 854 1506 ἐτεθνιῑξάμην
888 1465 972 1501 apud
999 1463 1192 1495 Boissonad.
1219 1463 1256 1492 ad
1282 1464 1445 1493 Aristaen.
1472 1463 1576 1500 Epist.
1606 1460 1646 1491 ll.
1673 1460 1719 1490 l7.
1745 1468 1772 1497 p.
1799 1458 1879 1496 171..

83 1506 227 1538 Iacobsii
263 1504 453 1548 ἦκουσάμην
488 1508 599 1536 nescio
635 1517 719 1536 nunc
755 1517 817 1544 quo
851 1505 923 1536 loco
958 1507 1101 1544 apprime
1138 1506 1397 1535 commendatnm
1422 1512 1454 1535 et
1482 1504 1533 1534 hic
1557 1503 1625 1534 illic
1649 1503 1731 1540 apud
1758 1501 1880 1531 Demo-

85 1550 234 1580 sthenem
259 1551 349 1579 varia
373 1549 514 1579 lectione
539 1556 757 1579 sustentatum
777 1551 846 1584 ¹⁴),
872 1547 1040 1579 Iacobitzii
1067 1549 1205 1586 denique
1230 1545 1434 1586 οἱμιύξιιῃιιαι,
1460 1557 1541 1585 quae
1564 1547 1676 1576 aoristi
1702 1545 1806 1574 forma
1831 1545 1879 1573 in-

85 1591 206 1621 violata
231 1593 352 1621 mansit
375 1592 513 1622 Lucian.
542 1590 667 1629 Catapl.
694 1602 722 1621 c.
739 1592 788 1621 20.
814 1588 909 1622 σι”ὁέν
933 1590 1020 1621 ἐστιν
1043 1587 1094 1631 ἐφ’
1122 1588 1186 1631 ὅτῳ
1211 1587 1249 1620 ἷνῖν
1273 1587 1465 1629 οἷιιιιὺξωμαι
1491 1586 1650 1621 ἄνπλοιῦν.
1682 1587 1796 1626 Longe
1821 1595 1878 1616 ve-

83 1636 151 1665 rius
176 1635 280 1664 editor
305 1634 494 1664 Parisinus:
531 1631 626 1664 ⁰1²⁷de
649 1630 736 1665 ἔστιν
760 1630 809 1674 ἐφ’
837 1631 902 1674 fifty
926 1631 1103 1671 οἰμώξαιμι
1135 1630 1301 1670 εὐπλοῶν,
1338 1633 1507 1662 verissime
1536 1638 1642 1660 autem
1668 1632 1730 1659 iam
1757 1628 1878 1665 pridem

85 1677 235 1719 S—truvius
261 1677 390 1714 scripsit
414 1684 447 1706 ut
472 1677 628 1713 oportuit:
654 1672 703 1715 ἐφ’
730 1673 796 1717 ὅτῳ
821 1672 860 1705 ἂν
883 1673 1072 1714 οἰμώξαιμι.
1098 1692 1137 1696 —-
1159 1673 1418 1716 Ἐπέρρευσεν
1443 1673 1588 1704 Eumath.
1614 1672 1672 1702 111.
1699 1681 1728 1710 p.
1754 1672 1822 1701 102.
1849 1676 1879 1698 et

84 1720 154 1755 οἷος
189 1716 228 1749 ὃν
262 1715 409 1759 εἷςρεύσῃ
434 1717 565 1748 Heliod.
591 1717 648 1747 Ill.
673 1729 700 1749 c.
723 1718 752 1749 7.
776 1719 884 1747 omisit
908 1718 993 1748 Lob.
1018 1717 1038 1747 l.
1065 1728 1089 1747 c.
1115 1726 1143 1755 p.
1168 1718 1239 1748 7:39.
1263 1734 1304 1739 ’-
1329 1712 1879 1756 Αοι-ἰειὶὠλι’σθησαε>11ο111ρ11111

83 1760 256 1791 Lobeckio
279 1759 302 1789 l.
329 1772 355 1791 c.
380 1769 408 1798 p.
433 1761 505 1798 742,
530 1760 630 1790 allata
655 1770 772 1800 augere
796 1761 891 1790 liceat
916 1759 983 1790 his:
1008 1758 1466 1800 natoltot‘lvjoagAlciphr.
1482 1757 1682 1796 Ep.111.6.t;
1707 1752 1879 1793 ὀλισθή·

84 1814 207 1834 σοισαιΙ
232 1802 364 1833 Heliod.
387 1802 426 1834 V.
452 1814 476 1835 c.
503 1804 553 1839 343
577 1802 844 1843 ὁιολισθῆσαι
868 1801 998 1834 Heliod.
1024 1801 1113 1832 111.c.
1133 1803 1161 1832 4.
1186 1810 1217 1831 et
1242 1799 1310 1832 ἀλλ’
1337 1800 1430 1838 ὅπως
1451 1800 1495 1841 μὴ
1521 1823 1549 1831 ..
1576 1795 1879 1837 κατολισθήσῃς

85 1846 168 1884 apud
193 1845 328 1875 eundem
354 1844 429 1876 Vll.
453 1856 478 1877 c.
504 1846 553 1876 21.
580 1846 643 1875 nisi
667 1842 984 1885 κατολισθὴσεις
1007 1844 1212 1875 scribendum
1238 1852 1288 1874 est
1306 1844 1596 1882 ι5).--Αοι·ἰς111111
1617 1839 1880 1879 κατέχυσεὴῆ-

187 1937 230 1966 13)
249 1937 372 1962 Similem
402 1937 490 1962 tabem
519 1942 717 1962 contraxerunt
738 1937 824 1962 verbu
843 1944 914 1968 quae
935 1937 1063 1967 leguntur
1081 1937 1153 1967 apud
1175 1937 1277 1962 Achill.
1296 1936 1355 1961 Tat.
1376 1937 1420 1961 VI.
1442 1944 1464 1960 c.
1483 1935 1508 1960 9.
1537 1933 1602 1960 ὅταν
1626 1933 1662 1959 ἐν
1681 1932 1766 1965 καλῷ
1785 1932 1826 1965 θῇ
1849 1930 1879 1955 τὰ

84 1970 153 2005 πρὸς
179 1970 226 1996 τὸν
247 1968 335 2004 ἄνδρα
354 1972 400 1996 καὶ
419 1973 527 2003 γένηται
548 1970 579 1996 τὰ
599 1972 642 2002 τῆς
661 1970 743 2004 (3975,a
761 1971 790 1995 ἐν
809 1970 913 2005 γαλήνῃ
932 1969 990 1996 τότε
1008 1973 1139 2004 Υι-ιειιένιιιι.
1176 1971 1332 2004 Scripserat
1352 1970 1423 1995 enim
1446 1969 1568 1994 Achille-3
1588 1969 1676 2000 θῆται.
1698 1967 1738 1991 lta
1758 1965 1879 1990 nuncto-

84 2014 143 2030 cum
164 2005 360 2032 restituendum
379 2006 478 2031 docent
499 2005 553 2030 alia
573 2006 701 2037 exempla
721 2013 790 2037 quae
811 2006 837 2029 in
858 2008 977 2030 formula
997 2005 1026 2030 ,εὑ
1046 2011 1072 2030 et
1091 2005 1120 2030 ἐν
1139 2005 1212 2037 καλῷ
1231 2007 1356 2030 τίθεσθαι
1378 2003 1492 2028 mediam
1512 2004 1716 2028 verbtfonmam
1729 1998 1880 2025 testifican-

84 2044 129 2064 tur
148 2039 231 2065 Thuc.
256 2039 325 2064 vm.
345 2049 366 2064 c.
385 2040 427 2065 84.
447 2038 496 2067 ἕως
514 2036 549 2064 ἶέν
568 2038 614 2064 τὸν
633 2037 755 2072 πόλεμον
775 2047 808 2064 ευ
828 2039 963 2063 θῶνται,
989 2039 1091 2072 Polyi».
1112 2041 1146 2064 tt.
1167 2048 1190 2063 c.
1209 2039 1250 2064 22.
1272 2042 1310 2064 10.
1330 2037 1364 2063 ἐν
1383 2037 1470 2069 καλῷ
1493 2039 1617 2062 θέσθαι
1638 2032 1830 2064 marmiren&
1849 2031 1880 2057 τὰ

84 2071 152 2097 κατὰ
171 2071 231 2100 τοὺς
249 2073 371 2101 Κελτούς.
396 2073 471 2098 Plut.
498 2073 598 2098 Pericl.
618 2081 641 2097 c.
660 2073 699 2097 33.
724 2075 868 2100 θέμενος
887 2067 915 2098 εὖ
935 2070 1024 2098 πάντα
1040 2074 1086 2097 καὶ
1105 2075 1261 2100 κατατείνας
1283 2071 1314 2097 τὰ
1333 2070 1405 2097 ὅπλα
1421 2071 1517 2104 >josum
1538 2071 1567 2105 τῇ
1587 2071 1673 2104 τέχνῃ.
1709 2068 1800 2094 Nicol.
1822 2067 1879 2092 Da*

84 2114 165 2132 masc.
179 2107 248 2131 Hist.
261 2108 357 2139 11977.
369 2108 411 2132 ed.
422 2107 544 2132 Tauchn.
557 2106 606 2134 ἕως
616 2105 650 2131 ἂν
661 2101 694 2132 εὖ
705 2106 801 2137 θῆται
813 2104 844 2130 πὶ
856 2104 987 2139 παρόντα.
1002 2108 1062 2132 Alia
1074 2107 1100 2131 id
1112 2115 1200 2136 genus
1211 2106 1398 2140 suppeditabit
1410 2105 1572 2137 Kriiger.ad
1585 2103 1671 2129 Thuc.
1684 2105 1704 2128 1.
1717 2104 1757 2129 75.
1769 2102 1792 2127 2.
1805 2101 1878 2133 ρ.ξ8.

187 2141 227 2169 14)
247 2141 325 2167 Conf.
347 2141 458 2166 Schaef.
477 2141 551 2174 App.
572 2142 640 2166 Crit.
660 2143 680 2166 1.
700 2149 726 2172 p.
746 2140 804 2166 516.
826 2146 851 2164 et
871 2149 897 2171 p.
919 2140 982 2173 6303
1002 2142 1032 2166 V.
1051 2150 1077 2174 p.
1098 2140 1154 2166 172.

186 2181 229 2210 15)
249 2183 286 2208 Ut
306 2183 374 2208 nihil
394 2183 480 2208 dicam
500 2183 534 2208 de
555 2183 773 2208 terminationum
785 2191 833 2217 σῃς
843 2188 868 2207 et
880 2192 933 2212 σεις
943 2183 1122 2210 similitudine
1135 2182 1241 2214 quaein
1254 2190 1324 2214 quos
1335 2181 1588 2207 erroreslibrarios
1601 2179 1876 2206 induxeritconstat:

84 2220 221 2241 structura
249 2217 401 2249 particulae
429 2215 503 2245 ὅπως
530 2223 555 2242 ct
576 2216 649 2245 ὅπως
666 2216 704 2250 μὴ
724 2225 783 2241 cum
802 2220 898 2242 t’uturo
918 2218 940 2243 si
961 2218 1032 2242 bene
1051 2216 1160 2242 memini
1182 2216 1255 2248 apud
1276 2216 1454 2241 Heliodorum
1475 2215 1624 2248 praevalet.
1681 2213 1748 2238 Vide
1767 2211 1832 2237 mihi
1854 2212 1875 2236 si

85 2253 152 2275 tanti
171 2249 286 2275 interest
306 2251 387 2276 haecz
407 2253 442 2276 11.
461 2259 484 2276 c.
504 2250 546 2276 30.
566 2249 639 2279 ὅπως
656 2250 694 2283 μὴ
712 2248 875 2284 μικρολόγος
895 2251 940 2286 ἔσῃ
959 2252 1023 2285 περὶ
1042 2250 1088 2282 τὴν
1107 2248 1224 2284 ἀγοράν;
1253 2250 1274 2275 1.
1294 2258 1317 2275 c.
1347 2251 1386 2276 lt.
1406 2249 1460 2274 ἀλλ’
1487 2248 1559 2277 ὅπως
1578 2247 1645 2281 ἀνὴρ
1666 2247 1725 2282 ἔσω
1745 2248 1789 2271 IV.
1810 2254 1832 2271 c·
1850 2245 1875 2270 8-

84 2282 139 2308 ἀλλ’
161 2278 181 2309 ὦ
201 2285 313 2316 γλυκεῖα
332 2285 377 2309 καὶ
395 2287 488 2318 μέχρις
507 2283 579 2320 ὥρας
597 2284 726 2319 θύγατερ,
747 2283 821 2312 ὅπως
840 2286 864 2309 εἰ
881 2287 1037 2318 περιγένοιο
1054 2282 1180 2318 μεμνήσῃ
1199 2284 1244 2316 τῆς
1263 2282 1408 2316 εὐγενείας.
1429 2284 1471 2309 De
1490 2284 1543 2308 hoc
1562 2284 1590 2309 in
1610 2282 1749 2314 loquendo
1763 2287 1812 2306 usu
1827 2279 1874 2312 qui

85 2318 264 2343 consulantur
283 2318 360 2351 digni
380 2326 441 2344 sunt
461 2320 603 2345 Iacobsius
621 2319 654 2345 ad
675 2319 777 2345 Achill.
798 2318 858 2344 Tan.
877 2328 902 2351 p.
922 2320 981 2347 923.
1002 2324 1029 2345 et
1048 2319 1181 2345 Sintents.
1201 2318 1234 2343 ad
1254 2319 1322 2343 Plut.
1343 2319 1438 2344 Them.
1459 2326 1484 2350 [u.
1505 2318 1561 2344 110.
