2318 2945
1066 249 1116 280 25

203 352 470 395 Πυρρίας(Ι)ἰι]ᾱ.
481 352 632 395 Πύρρων)
647 351 796 394 πρόςιθι.
821 351 909 383 Solet
922 351 1005 382 enim
1018 357 1084 382 tum
1096 351 1128 382 in
1140 351 1201 383 hoc
1213 352 1407 384 allocutionis
1420 363 1534 394 genere
1546 352 1584 384 de
1597 364 1658 393 quo
1671 354 1736 395 agit
1748 355 1871 388 Iacobs.
1886 356 1987 387 Anth.

204 396 272 428 Pal.
284 395 325 427 lll.
337 397 404 428 167.
419 403 485 426 tum
509 396 539 426 in
563 395 660 426 altero
678 397 769 436 longe
783 393 991 435 frequentiore
1005 405 1066 434 quo
1078 394 1148 434 quis
1161 395 1365 435 compellatur
1377 395 1591 426 interiectione
1604 394 1629 427 ὦ
1641 398 1813 437 praemissa
1825 409 1988 439 nunquam

203 445 355 480 quantum
377 438 543 469 observavi
566 438 719 479 particula
742 437 940 467 adversativa
955 436 1055 467 omitti
1070 447 1132 477 qua
1149 447 1181 467 re
1198 437 1331 468 vividior
1343 448 1380 468 ac
1393 438 1499 468 fortior
1511 438 1615 469 evadit
1628 438 1725 469 oratio
1739 441 1831 470 etiam
1844 441 1896 471 ubi
1910 440 1988 471 nihil

202 480 407 523 oppositionis
430 480 533 511 locum
567 481 695 513 obtinet.
739 479 824 511 Dial.
848 478 942 510 Deor.
966 477 1050 510 XX.
1078 480 1125 511 11.
1162 480 1200 511 σὺ
1225 481 1271 518 δέ,
1295 477 1321 511 ὦ
1337 480 1436 522 Ἥρα,
1462 481 1622 521 περίμενε.
1646 481 1725 513 Dial.
1748 481 1842 514 Mort.
1866 483 1934 516 Xll.
1958 484 1986 515 6.

204 526 243 556 σὺ
267 524 310 561 δέ,
335 522 360 555 ὦ
384 523 512 563 ΙΙΙίνως,
538 524 657 563 δίκαζε.
702 522 768 553 Vit.
792 522 888 552 Auct.
916 523 941 552 1.
966 522 1004 553 σὺ
1029 522 1074 558 δέ,
1100 518 1126 552 ὦ
1145 519 1254 562 Ἑρμῆ,
1280 522 1413 564 κήρυττε
1448 523 1560 554 Piscat-
1588 525 1634 555 17·
1669 525 1706 555 σὺ
1731 525 1776 561 δέ,
1808 523 1832 556 ὦ
1848 523 1987 567 ’'Ezeyzs,

205 565 306 598 αὐτοῦ
331 566 493 598 πεοίιιενε.
538 565 619 596 Ibid.
643 566 693 597 28.
726 565 764 596 σὺ
788 565 833 601 δέ,
864 560 889 594 ὦ
913 562 1141 605 Παρρησιάδη,
1167 565 1238 604 λέγε
1263 562 1332 606 ἤδη.
1367 571 1396 596 et
1426 565 1566 596 similiter
1590 577 1614 598 c.
1639 566 1690 602 3T3
1715 567 1773 601 513
1810 565 1932 608 Catapl.
1957 572 1987 605 5;

207 608 291 640 Dial.
316 597 444 639 Mei-etr.
469 608 521 639 1V.
546 610 580 643 5;
616 607 695 638 Tox,
716 606 772 641 473
808 605 864 635 Bis
888 606 966 635 Acc.
990 606 1028 640 43
1064 605 1119 635 sed
1142 604 1278 647 Lexiph.
1305 607 1351 638 13.
1382 614 1489 638 contra
1512 619 1602 639 usum
1628 608 1825 639 Lucianeum
1850 609 1988 641 Dindor-

205 650 266 682 fius
289 650 413 691 scripsit
438 653 476 683 σὺ
501 650 528 682 δ’
554 647 579 682 ὦ
604 653 666 681 παῖ
687 675 703 680 ..
728 648 810 689 ἔγχει
835 657 890 688 pro
916 648 959 678 σὺ
983 649 1034 680 δέ,
1061 644 1086 679 ὦ
1111 652 1194 684 παῖ,
1221 655 1252 678 ut
1277 656 1323 679 est
1348 660 1371 679 c
1398 651 1424 681 2.
1468 649 1536 681 Nec
1561 651 1649 681 aliter
1673 651 1941 682 Dial.).10rt.Vll.
1964 655 1989 684 l.

208 694 247 726 σὺ
271 695 317 730 δέ,
354 690 378 724 ιῖι
404 692 648 735 Καλλιδημίδη,
683 693 755 728 πῶς
788 689 973 727 ἀπέθανες,-
1018 688 1087 719 Xll.
1112 690 1138 720 3.
1173 688 1212 722 σύ
1237 692 1282 727 δέ,
1318 688 1343 723 ὦ
1364 690 1571 734 Ἀλέξανδρε,
1607 694 1638 725 τί
1672 695 1755 733 πρὸς
1783 697 1884 726 miza
1909 694 1990 736 φήςς

207 735 346 767 XXVH.
361 738 388 767 7,
413 736 452 768 σὺ
476 737 521 773 δέ,
546 732 571 766 ὦ
591 732 801 774 Ἀκαρνάν,...
825 732 856 764 τί
881 731 971 775 αἰτιᾷ
995 732 1050 764 τὸν
1065 729 1207 774 ’Έρωτας
1234 731 1324 765 Conf.
1348 733 1426 765 Dial.
1452 734 1547 766 Mort.
1573 735 1723 766 XXVlll.
1747 737 1775 772 33
1800 735 1921 769 Piscat.
1939 738 1991 772 223

209 777 317 819 Fugit.
343 778 392 810 32.
438 779 541 809 Pauca
563 782 684 806 tantum
707 774 904 816 reperiuntur
926 774 1070 816 exempla
1093 785 1174 814 quae
1197 785 1269 806 eum
1292 776 1433 807 eiusdem
1464 776 1524 807 sint
1553 778 1690 809 familiae
1724 780 1785 809 levi
1819 779 1992 810 mutatione

209 821 249 852 ad
267 831 408 851 normam
426 819 590 850 allatorum
603 817 758 859 exigenda
771 823 849 848 sunt.
874 816 1021 848 Pseudol.
1039 819 1061 848 1.
1086 817 1190 850 καὶσὺ
1204 817 1253 858 δή,
1279 815 1304 849 ὦ
1328 818 1527 858 κακόδαιμον
1550 817 1714 861 ἄνθρωπε,
1738 823 1770 853 τί
1791 820 1993 862 Ιἅουλόμενος

207 865 346 905 ποιητὴν
369 862 468 894 λάλον
491 860 717 902 παροξύνεις..
741 868 878 890 erratum
902 866 949 890 est
972 859 1069 904 culpa
1087 859 1303 899 librariorum3
1327 872 1398 892 narn
1423 861 1597 892 aLuciano
1620 863 1689 900 fuit,
1714 864 1832 904 opinor,
1858 866 1923 897 καὶ
1948 865 1992 897 σὺ

212 907 262 946 δέ,
287 903 312 937 ὦ
335 920 362 936 κ.
389 902 418 937 ἶν’.
442 908 476 934 ut
499 910 546 934 est
569 904 599 933 in
622 902 745 944 Catapl.
764 903 809 934 13.
834 905 886 934 καὶ
909 904 949 935 σὺ
973 904 1020 939 δέ,
1045 904 1070 934 ιίι
1091 901 1200 945 Ἑρμῆ,
1225 903 1327 944 σύρετ’
1345 903 1444 936 αὐτὸν
1462 903 1540 937 εἴσω
1554 908 1610 936 τοῦ
1626 905 1737 944 ποδός.
1770 906 1803 936 In
1819 906 1926 948 Fugit.
1940 907 1991 938 26.

208 950 247 982 σὺ
270 945 327 980 οὖν
355 946 543 988 Φιλοσοφία
569 947 640 987 λέγε
665 946 774 976 dubito
798 956 873 975 num
896 945 970 986 quid
999 944 1068 986 opis
1091 946 1218 976 tulerint
1240 947 1375 977 editores
1398 947 1562 978 novissimi
1587 948 1639 988 qui
1663 949 1818 989 potiorem
1842 956 1875 980 ut
1897 956 1990 990 puta-

209 991 283 1022 bant
319 989 502 1029 scripturam
531 999 568 1019 ao
592 988 707 1019 maiore
730 987 792 1018 fide
815 986 946 1029 dignam
969 998 985 1018 e
1009 987 1171 1020 codicibus
1197 987 1285 1020 Gorl.
1309 996 1339 1019 et
1364 989 1500 1021 Vindob.
1528 991 1594 1023 123.
1626 991 1738 1031 cupide
1762 992 1992 1023 substituerunt

212 1033 243 1064 in
267 1032 332 1064 eius
356 1031 457 1062 locum
481 1041 561 1071 quae
584 1030 713 1072 vulgata
736 1036 815 1061 erat:
851 1031 889 1062 σὺ
915 1027 971 1062 οὖν
995 1027 1020 1062 ὦ
1047 1031 1249 1074 Φιλοσοφία.
1294 1031 1366 1062 Non
1397 1032 1552 1063 assentior
1575 1033 1731 1073 equidem.
1777 1034 1814 1064 In
1838 1034 1993 1065 eiusmodi

212 1085 292 1116 quae
327 1073 452 1114 saepius
485 1080 648 1104 recurrunt
683 1072 826 1104 formulis
856 1072 970 1103 debere
1003 1084 1064 1102 non
1098 1079 1162 1104 tam
1190 1074 1392 1105 auctoritates
1427 1075 1513 1116 sequi
1544 1075 1598 1106 sed
1622 1075 1662 1105 ad
1686 1087 1805 1107 morem
1829 1077 1991 1118 scriptoris

209 1117 346 1149 animum
368 1115 528 1146 intendere
551 1121 637 1146 ratus
657 1115 856 1146 scribendum
869 1114 965 1145 duco:
992 1116 1035 1147 σὺ
1061 1114 1087 1147 δ’
1103 1113 1171 1147 οὖν
1190 1113 1215 1147 ὦ
1236 1117 1462 1159 Φιλοσοφία
1487 1118 1558 1159 λέγε
1581 1129 1642 1159 quo
1667 1120 1730 1149 fere
1754 1119 1846 1150 modo
1869 1119 1992 1150 locutus

209 1164 256 1191 est
277 1157 441 1189 Lucianus
465 1158 503 1189 de
526 1169 620 1190 merc.
646 1157 735 1189 cond.
753 1159 804 1189 42.
829 1157 874 1189 σὺ
899 1155 927 1190 δ’
953 1154 1018 1189 οὖν
1042 1154 1067 1189 ὦ
1091 1156 1231 1201 ἄριστε
1257 1160 1479 1199 Τιμόκλεις
1502 1186 1527 1192 ..
1552 1160 1712 1203 ἐννόησον.
1760 1161 1879 1192 Similis
1902 1162 1995 1203 plane

210 1206 256 1233 est
279 1211 386 1232 eorum
411 1200 551 1232 locorum
575 1200 654 1231 ratio
677 1201 707 1230 in
731 1199 846 1241 quibus
870 1210 889 1230 a
911 1200 1093 1241 pronomine
1116 1201 1279 1232 vocativus
1303 1201 1538 1244 interpositione
1562 1202 1725 1234 dirimitur.
1772 1204 1849 1236 Dial.
1866 1204 1993 1236 Meretr.

210 1243 271 1276 Vll.
296 1244 324 1275 4.
349 1244 388 1276 σὺ
412 1245 448 1277 δὲ
471 1242 533 1276 οἴει
559 1240 583 1275 ιῖι
611 1241 805 1285 Μουσάριον
829 1265 836 1275 .
851 1266 857 1272 .
883 1242 1039 1280 ἔσεσθαι;
1085 1243 1166 1275 Dial.
1189 1243 1306 1275 Marin.
1332 1244 1383 1276 Vl.
1407 1247 1436 1276 2.
1469 1247 1508 1277 σὺ
1533 1246 1569 1278 δὲ
1593 1245 1784 1289 παρανήχου
1808 1243 1832 1278 ὦ
1860 1247 1995 1289 Τρίτων.

208 1287 268 1319 Pro
290 1286 414 1327 Imagg.
440 1287 486 1318 12.
526 1287 564 1319 σὺ
589 1287 624 1319 δὲ
648 1285 763 1318 σκόπει
787 1281 812 1317 ὦ
836 1288 983 1327 Λυκῖνε,
1008 1285 1099 1317 Deor.
1125 1284 1222 1318 Cone.
1250 1289 1276 1318 1.
1311 1288 1349 1319 σὺ
1385 1289 1420 1320 δὲ
1454 1289 1587 1330 κήρυττε
1612 1285 1635 1319 ὦ
1656 1287 1754 1332 Ἑρμῆ
1778 1290 1813 1321 τὸ
1839 1288 1996 1333 κήρυγμα.

213 1327 320 1365 (Conf.
345 1339 440 1369 supra
463 1328 529 1360 Vit.
552 1328 648 1360 Auct.
676 1331 713 1365 1.)
748 1327 812 1359 Vit.
836 1329 931 1359 Auct.
958 1328 1006 1360 14.
1032 1329 1071 1360 σὺ
1095 1330 1130 1361 δὲ
1153 1329 1184 1360 τί
1207 1328 1315 1368 κλάεις
1339 1326 1364 1361 ὦ
1386 1329 1995 1374 &¹711on*SicDiaLMeretannk

209 1371 290 1404 Dial.
313 1370 429 1403 Marin.
453 1370 504 1402 lV.
528 1371 563 1406 43
594 1370 730 1412 Lexiph‚
754 1372 809 1406 25;
834 1370 889 1401 sed
913 1370 996 1404 Dial.
1011 1370 1107 1404 Deor.
1122 1371 1220 1403 XVll.
1235 1375 1263 1405 2.
1287 1373 1326 1405 σὺ
1351 1371 1378 1405 δ’
1403 1371 1461 1404 οὐκ
1485 1371 1534 1411 ἄν,
1559 1375 1585 1405 ὠ
1601 1371 1785 1413 ’Ἀπολλονς
1810 1375 1927 1406 scribe:
1952 1377 1997 1408 σὺ

214 1415 255 1448 δὲ
279 1412 348 1446 οὐκ
372 1411 427 1451 ἄν,
452 1410 533 1445 ὦἌ.
551 1425 612 1454 quo
625 1419 716 1455 pacto
729 1413 810 1445 Dial.
822 1412 939 1444 Marin.
953 1412 1032 1445 XV.
1047 1415 1073 1445 1.
1099 1415 1138 1446 σὺ
1163 1415 1198 1447 δὲ
1221 1414 1280 1447 οὐκ
1303 1412 1387 1453 εἶδες
1409 1412 1433 1447 ὦ
1457 1417 1562 1453 Νόης
1585 1415 1647 1447 His
1671 1416 1747 1448 locis
1771 1417 1802 1448 in
1826 1423 1997 1459 conspectu

215 1456 326 1499 positis
350 1463 519 1498 supersunt
536 1462 682 1497 quattuor
704 1455 757 1496 qui
781 1462 869 1487 extra
891 1455 994 1497 legem
1017 1457 1220 1487 constitutam
1243 1457 1328 1488 illam
1352 1458 1566 1499 egrediuntur.
1602 1457 1762 1497 Quattuor
1780 1459 1870 1491 dico?
1894 1460 1997 1492 Immo

216 1510 291 1530 vero
324 1498 387 1530 duo
420 1504 543 1530 tantum
577 1503 648 1530 sunt
682 1497 833 1536 Luciani,
868 1498 931 1529 duo
964 1498 1074 1530 incerti
1108 1499 1199 1531 istius
1227 1499 1424 1532 fabricatoris
1453 1501 1649 1543 dialogorum
1679 1502 1913 1544 suppositorum
1943 1503 1998 1544 qui

211 1541 337 1573 nomine
372 1541 603 1573 Samosatensis
638 1541 909 1573 circumferuntur.
947 1539 1030 1572 Sunt
1053 1547 1158 1573 autem
1182 1542 1335 1574 eiusmodi
1358 1554 1466 1575 omnes
1489 1549 1523 1575 ut
1547 1544 1637 1575 facile
1660 1544 1690 1575 in
1713 1545 1832 1576 iustum
1855 1546 1996 1577 ordinem

214 1583 315 1626 redigi
337 1584 468 1625 possint.
512 1583 584 1616 Vot.
608 1584 659 1617 35.
693 1585 732 1616 σὺ
761 1585 797 1617 δὲ
834 1584 865 1616 τί
893 1581 918 1616 ὦ
941 1587 1065 1617 Λυκῖνε
1095 1585 1298 1626 δοκιμάζεις;
1333 1587 1565 1628 transponendo
1595 1587 1790 1630 scripserim:
1826 1590 1869 1621 σὺ
1893 1589 1936 1622 δὲ
1958 1588 1997 1622 τί

215 1627 448 1667 δοκιμάζεις
471 1623 496 1659 ὦ
519 1630 686 1663 Λυκῖνε-3
725 1626 849 1659 Anach.
877 1626 923 1658 19.
948 1627 987 1659 σὺ
1011 1630 1104 1660 τοῦτο
1129 1625 1154 1660 ὦ
1174 1628 1349 1671 Ἀνάχαρσι
1374 1629 1532 1674 ταμιεύσῃ
1557 1628 1690 1671 ἄμεινον
1713 1636 1819 1672 aperte
1841 1640 1995 1673 reponen-

213 1669 288 1701 dum
311 1674 374 1700 est:
399 1670 443 1702 σὺ
467 1671 508 1703 δὲ
532 1672 654 1702 τοῦτο
678 1683 703 1700 κ.
727 1683 755 1702 τ.
779 1673 805 1701 λ.
851 1669 979 1700 Amorr.
1003 1670 1052 1702 30.
1089 1671 1128 1703 σὺ
1152 1672 1188 1704 δὲ
1209 1671 1315 1710 ἵλεως,
1337 1670 1521 1716 Ἀφροδίτη,
1545 1676 1646 1714 γενοῦ,
1670 1673 1739 1715 lege
1763 1674 1789 1704 si
1812 1674 1925 1716 volupe
1949 1682 1998 1705 est

216 1718 270 1744 aut
303 1713 348 1744 σὺ
383 1713 423 1745 δὲ
444 1712 578 1751 ἵλεως,
603 1709 628 1744 ὦ
648 1710 867 1754 ’Λφροδίτν
891 1715 1002 1754 γενοῦ
1029 1718 1083 1744 aut
1107 1714 1152 1746 σύ
1177 1714 1217 1747 δὲ
1241 1711 1266 1746 ὦ
1286 1713 1504 1759 Ἀφροδίτη
1528 1716 1647 1754 ἵλεως
1671 1719 1786 1758 γενοῦ
1809 1722 1862 1747 aut
1886 1718 1929 1749 σὺ
1955 1719 1997 1751 δὲ

213 1754 330 1793 ἵλεως
352 1757 480 1796 γενοῦ,
506 1752 530 1786 ὦ
552 1755 783 1798 Ἀφροδίτη.
862 1765 897 1786 ec
921 1764 1012 1786 secus
1036 1753 1165 1788 Charid.
1189 1758 1246 1788 21:
1281 1758 1319 1790 σὺ
1344 1760 1379 1792 δὲ
1402 1760 1518 1797 λοιπὸς
1541 1755 1587 1796 εἶ,
1612 1759 1802 1801 Χαρίδημε,
1827 1759 1945 1791 scribe:
1970 1758 1996 1793 ὦ

211 1797 433 1840 Χαρίδημε.
478 1797 550 1828 Hae
582 1808 660 1839 quas
695 1797 755 1829 feci
790 1797 979 1829 mutationes
1015 1809 1116 1839 neque
1145 1798 1300 1832 violentae
1328 1801 1499 1832 admodum
1524 1807 1650 1833 suntet
1673 1801 1898 1833 confirmantur
1921 1813 1996 1834 con-

212 1839 378 1871 suetudine
401 1840 526 1870 dicendi
548 1839 721 1873 Lucianea.

325 1882 406 1915 Dial.
429 1883 520 1914 Deor.
546 1882 629 1914 XX.
656 1885 699 1916 15.
737 1881 897 1924 δεήσομαι
921 1884 957 1916 δὲ
990 1885 1044 1916 καὶ
1078 1887 1141 1916 τῶν
1163 1884 1320 1926 Χαρίτων
1350 1884 1606 1919 ἀκολουθεῖν.
1652 1887 1704 1918 Sic
1738 1886 1932 1919 Iacobitzius
1967 1894 1999 1919 et

215 1924 411 1957 Dindorfius:
447 1925 657 1967 compositum
693 1927 949 1959 συνακολουθεῖν
982 1937 999 1957 e
1033 1926 1156 1958 duobus
1179 1928 1270 1959 codd.
1293 1928 1355 1959 iam
1381 1927 1604 1960 Schmiederus
1627 1929 1774 1971 praetulit
1797 1940 1889 1971 quem
1913 1936 1997 1962 recte

214 1967 418 2040 geutivsunt
440 1968 549 2010 Poppo
583 1974 613 1999 et
642 1966 858 2000 Fritzschius:
893 1968 976 1999 addo
1010 1969 1228 2002 auctoritatem
1257 1971 1352 2002 etiam
1380 1971 1497 2003 codicis
1523 1972 1613 2005 1310.
1637 1971 1722 2014 apud
1747 1971 1849 2005 Boiss.
1873 1972 1996 2006 Anecd.

210 2024 213 2025 ⁷
249 2020 273 2041 r.
297 2010 312 2042 I
347 2035 354 2042 .
377 2013 406 2043 5.

330 2052 410 2085 Dial.
433 2053 526 2085 Deor.
556 2052 598 2086 16.
632 2051 781 2086 Βούλει
806 2051 862 2086 οὖν
885 2052 1157 2095 ἐπομόσωμαι.
1205 2054 1260 2087 Sic
1289 2056 1407 2098 optime
1429 2056 1583 2088 dederunt
1605 2056 1741 2088 editores
1764 2057 1935 2099 nupsi-rimi
1959 2058 1998 2090 de

217 2093 451 2127 Hemsterhusii
486 2095 666 2127 coniectura
698 2095 760 2127 fide
795 2096 911 2127 codicis
947 2095 1034 2129 Gorl.
1058 2097 1190 2130 firmata.
1239 2097 1408 2140 Vulgatam
1442 2099 1606 2131 lectionem
1635 2099 1847 2141 ἐπομόσομαι
1871 2100 1999 2132 retinuit

217 2136 303 2168 solus
325 2135 532 2170 Fritzschius.
576 2138 758 2179 Perperam.
804 2137 887 2169 Nam
922 2139 1006 2180 quod
1041 2140 1267 2172 emendationis
1299 2141 1383 2172 illius
1411 2141 1578 2184 impatiens
1604 2141 1695 2173 docet
1717 2143 1765 2173 vir
1788 2143 1935 2184 egregius
1958 2144 1998 2183 ad

217 2179 316 2210 Arist.
341 2178 421 2210 Ran.
446 2180 516 2212 310.
539 2191 569 2221 p.
596 2182 663 2213 178.
687 2181 783 2212 nostri
805 2181 865 2212 loci
888 2193 948 2212 non
972 2183 1137 2214 immemor
1169 2182 1409 2221 „Lucianum
1431 2184 1569 2225 βούλει
1596 2190 1631 2215 et
1654 2184 1816 2224 ἐθέλεις
1839 2190 1911 2224 (ser.
1937 2188 1997 2220 θέ-

216 2222 295 2260 λεις)
321 2232 604 2262 saepenumero
629 2223 776 2255 futuris
800 2224 985 2266 coniungi
1008 2237 1068 2256 non
1092 2226 1195 2257 minus
1218 2226 1248 2257 in
1271 2226 1413 2258 fraudem
1435 2227 1543 2258 incidit
1567 2238 1661 2268 quam
1685 2227 1711 2258 si
1734 2229 1893 2259 contendit
1915 2230 1997 2260 aori-

217 2272 305 2295 stum
329 2264 396 2295 eius
420 2264 507 2295 verbi
530 2275 600 2297 esse
623 2266 789 2308 ἐπώμοσα.
823 2265 915 2305 Quae
938 2278 1008 2299 cum
1033 2268 1182 2299 scriberet
1205 2270 1271 2300 sine
1294 2269 1389 2301 dubio
1413 2269 1527 2301 oblitus
1551 2275 1616 2301 erat
1628 2269 1803 2302 Luciano
1826 2272 1997 2303 activum

217 2306 441 2348 ἐπομνιῗναι
465 2318 626 2349 prorsus
650 2308 903 2348 inusitatum,
927 2310 1091 2342 medium
1118 2310 1239 2342 solum
1262 2312 1519 2352 ἕπόμνυσθαι
1542 2312 1578 2344 in
1601 2312 1759 2344 deliciis
1782 2324 1877 2345 esse.
1905 2315 1998 2346 Locis

217 2348 250 2380 in
283 2348 393 2381 Indice
426 2349 560 2383 Lucian.
593 2350 751 2392 congestis
786 2351 940 2394 adiungo:
975 2352 1056 2385 DiaL
1092 2352 1218 2386 Meretr.
1245 2353 1303 2387 Xl.
1327 2358 1354 2389 2.
1390 2354 1588 2397 ἐπόμνυταις
1627 2354 1709 2388 Tox.
1733 2356 1784 2389 38.
1817 2356 1998 2399 ἕπωμόσιϋῗ

1751 2402 1767 2427 4
