2318 2945
1123 218 1146 251 6

247 317 409 349 Lucianus
432 317 566 360 Lexiph.
581 319 620 350 25
645 319 872 358 ἀπαντώμενος
894 326 925 349 et
947 320 1007 350 alia
1030 328 1114 351 recte
1135 321 1262 352 reiicere
1286 322 1397 363 potuit,
1423 324 1507 363 quod
1531 324 1561 354 in
1583 324 1678 354 attico
1701 335 1844 355 sermone
1866 335 2027 365 nunquam

247 360 404 391 civitatem
440 363 643 402 accepissent.
687 362 733 391 At
768 362 934 402 scriptores
965 363 1088 394 serioris
1117 363 1229 394 aetatis
1251 364 1332 394 hanc
1355 365 1489 395 activam
1514 365 1772 407 significationem
1796 367 1826 397 in
1851 367 1911 397 alia
1933 367 2030 397 medii

247 410 386 444 tempora
409 403 630 434 transtulerunt
654 415 711 433 nec
735 404 791 434 soli
804 403 984 444 Polyaenus
998 405 1212 446 Polybiusque
1235 407 1287 437 tali
1311 408 1404 438 modo
1427 408 1571 439 dixerunt
1589 415 1621 438 ut
1636 408 1716 440 Lob.
1729 409 1768 439 ad
1783 409 2028 451 Ph1·yn.p.·288.

248 445 353 475 docuit
378 448 431 475 sed
458 446 552 476 etiam
577 445 697 476 Charit.
723 445 796 477 Vll.
819 448 848 478 5.
871 446 888 478 ὁ
910 450 968 487 μὲν
990 450 1164 487 Αἰγύπτιος
1186 449 1265 488 ἔχων
1286 450 1340 491 τὴν
1362 451 1456 492 πεζὴν
1479 452 1626 491 στρατιὰν
1649 451 1850 493 οἷπηντᾶτο
1878 459 1942 489 τοῖς
1963 465 2026 483 πο-
2051 465 2054 472 ·

244 489 360 528 λεμίοις
382 488 400 519 i.
420 498 445 520 e.
471 499 540 519 cum
565 488 700 530 pedestri
725 489 863 519 exercitu
888 491 1064 521 conserebat
1089 502 1122 521 se
1142 491 1173 521 in
1197 502 1268 521 eum
1292 492 1394 522 locum
1419 500 1451 523 ut
1474 493 1617 524 hostibus
1641 501 1826 531 occurreret,
1850 496 1934 535 quod
1958 495 2028 525 bre—

245 531 315 561 vius
338 531 454 561 dietum
479 531 560 561 idem
597 531 694 567 valet,
729 531 811 571 quod
848 531 972 562 obviam
1002 533 1066 563 ibat
1090 533 1243 565 hostibus.
1288 533 1401 574 Itaque
1425 536 1476 566 ubi
1501 536 1540 566 de
1561 536 1671 574 rebus,
1695 548 1775 577 quae
1798 537 1847 567 cui
1870 538 1900 567 in
1924 537 2028 578 aliquo

245 573 313 603 loco
336 580 518 609 occurrunt,
542 580 591 602 aut
618 573 815 609 acciderunt,
851 585 952 604 sermo
976 581 1039 612 est,
1074 579 1247 618 perfectum
1282 577 1530 619 ἀπηντῆσθαι
1552 586 1635 609 recte
1658 579 1801 620 usurpari
1825 580 1939 620 potuit,
1975 580 2028 619 qui

243 615 329 645 verbi
353 627 429 646 usus
453 616 534 657 apud
564 615 750 656 Dionysium
775 615 1087 648 Halicarnassensem
1112 619 1281 649 increbruit
1306 621 1414 660 Antiq.
1438 621 1528 652 Rom.
1554 621 1593 653 V.
1617 624 1646 653 5.
1673 622 1845 662 παράδοξα
1877 626 1934 662 μὲν
1957 621 2028 663 ἡμῖν

244 658 461 700 ἀπήντηται
484 662 523 688 τά
544 661 667 697 πρῶτα,
691 670 752 699 quo
776 659 934 690 intellectu
959 660 1040 691 idem
1060 660 1235 702 Dionysius
1248 661 1306 695 IV.
1319 662 1368 694 33.
1394 663 1471 693 dixit
1495 665 1586 705 παρὰ
1607 667 1731 706 γνώμην
1754 666 1883 695 ἅπαντα
1906 665 2027 706 ἀπήν-

242 704 329 742 τηκέ
349 714 410 741 μοι.
445 699 562 730 Forma
585 701 801 742 ἀπήντηται
825 703 954 732 recurrit
979 703 1034 735 VI.
1058 704 1114 738 ὃὸς
1140 703 1213 736 VII.
1237 705 1292 740 57;
1317 704 1406 738 VIII.
1430 706 1486 741 333
1510 708 1559 738 47.
1606 707 1753 737 Infinitivi
1778 707 2029 748 ἀπηντῆσθαι

246 754 340 773 usum
364 751 496 774 testatur
516 742 833 784 Dionys.l.c.V1.7.
860 745 891 776 τὸ
914 746 955 787 μὴ
978 748 1108 777 τοιαῦτα
1131 746 1204 788 ἡμῖν
1229 747 1479 789 ἀπηντῆσθαι
1501 750 1590 790 παρὰ
1613 753 1674 781 τῶν
1696 751 1865 790 πολεμίων.
1911 751 1971 782 Sed
1996 757 2029 780 ut

241 786 302 816 iam
331 785 361 815 in
395 792 519 826 portum
553 786 635 816 unde
659 786 719 816 exii
744 788 880 828 recipere
904 799 953 817 me
977 796 1146 819 maturem:
1182 789 1274 819 etiam
1310 792 1440 821 verbum
1465 791 1698 830 ἀγανακτεῖν
1726 804 1786 822 non
1811 793 1903 822 activi
1929 792 2029 822 solum

240 829 363 868 generis
386 827 501 858 finibus
525 829 796 870 circumscriptum
820 836 895 867 erat,
921 830 975 860 sed
999 842 1177 872 quanquam
1202 843 1282 869 raro,
1307 834 1450 863 transiliit
1474 841 1577 864 tamen
1601 835 1717 865 lascive
1740 835 1769 865 in
1788 835 1880 865 medii
1901 837 2028 871 formas,

242 871 286 900 ita
308 876 342 900 ut
365 881 471 900 nostro
494 871 562 901 loco
586 879 707 902 vertas:
754 871 817 901 Die
846 871 967 903 Mutter
1000 873 1104 914 zeigte
1133 874 1199 904 sich
1235 875 1312 905 iiber
1346 875 1402 906 das
1437 875 1619 907 Benehmen
1655 878 1710 908 des
1746 877 1883 908 Bruders
1917 876 2031 907 hochst

240 914 359 953 gereizt
394 915 577 953 (eutriistet‘)
611 914 674 944 und
708 913 832 945 machte
865 915 929 945 ihm
959 916 1069 946 bittere
1096 916 1269 948 Vorwiirie,
1314 919 1423 958 Atque
1448 929 1496 948 me
1521 929 1644 960 quoque
1667 921 1922 961 ἄγανακτησασης
1945 920 2026 960 apud

241 955 418 985 Lucianum
443 956 533 986 malle
558 957 582 986 si
607 967 703 998 supra
725 957 789 987 dixi
814 957 868 988 sed
893 958 986 988 medii
1012 961 1154 996 formam,
1179 971 1259 1000 quae
1283 961 1365 1000 quod
1391 962 1541 1002 gravibus
1565 962 1709 993 codicum
1733 972 1762 993 et
1787 963 1930 993 Thomae
1954 962 2028 992 Ma-

241 998 330 1038 gistri
366 999 553 1029 testimoniis
583 999 699 1029 nitatur
721 1000 805 1030 nullo
828 1000 921 1031 modo
945 1002 1081 1031 amoveri
1106 1002 1219 1043 possit,
1243 1003 1436 1034 retinendam
1461 1015 1541 1041 esse,
1565 1005 1627 1035 iam
1651 1005 1780 1035 alteram
1804 1017 1947 1036 caussam
1973 1005 2030 1035 ad-

242 1041 334 1070 iicere
357 1040 451 1072 lubet.
499 1040 586 1079 Quid
610 1042 712 1072 enim?
743 1042 885 1073 Medium
910 1055 928 1073 a
951 1043 1106 1082 Luciano,
1130 1045 1182 1085 qui
1206 1045 1293 1075 verbi
1318 1047 1504 1084 ἀγανακτεῖν
1526 1058 1617 1077 usum
1642 1047 1725 1078 haud
1749 1048 1904 1088 ignoravit
1928 1058 2030 1078 nonne

241 1083 280 1113 de
302 1083 456 1114 industria
480 1085 655 1124 quaesitum
681 1085 828 1116 credibile
852 1092 915 1123 est,
940 1093 973 1116 ut
997 1086 1078 1117 lusui
1104 1087 1268 1118 verborum
1293 1089 1417 1119 cuidam
1441 1090 1633 1130 indulgeret,
1659 1090 1741 1131 quod
1767 1102 1805 1121 ex
1829 1090 2031 1121 collocatione

242 1126 476 1167 participiorum
510 1127 805 1169 ἀγανακτησαμένης
833 1136 864 1158 et
885 1129 1150 1171 λοιδορησαμένης
1173 1133 1320 1171 cognosci
1344 1132 1468 1172 potest?
1515 1131 1664 1163 Ceterum
1689 1144 1801 1163 censeo
1824 1133 1941 1163 nullam
1965 1136 2029 1163 for-

241 1179 324 1198 mam
360 1177 501 1209 oportere
535 1169 729 1207 addubitari,
765 1174 838 1200 dum
871 1172 919 1201 vel
951 1183 1046 1201 uuum
1071 1180 1170 1203 exstet
1195 1174 1373 1215 exemplum
1399 1186 1460 1214 quo
1483 1175 1607 1206 defendi
1631 1177 1742 1215 possit.
1787 1175 1900 1206 Exstat
1925 1184 2030 1206 autem

241 1211 323 1241 aliud
349 1211 441 1242 huius
464 1223 551 1250 usus,
573 1213 657 1252 quod
681 1213 870 1244 Schaelerus
893 1214 923 1244 in
948 1213 1068 1244 Lexico
1091 1214 1214 1245 Graeco
1238 1216 1276 1245 ab
1301 1216 1441 1246 Henrico
1467 1216 1628 1258 Stephano
1652 1218 1776 1248 condito
1799 1218 1901 1248 attulit
1926 1230 1942 1249 e
1965 1218 2030 1248 Pa-

241 1253 388 1294 laephato
412 1255 462 1286 4'1.
487 1257 521 1285 7:
557 1255 751 1295 ὀδυρομένου
787 1256 822 1286 δὲ
852 1257 1010 1298 Ἀδμήτου
1044 1258 1098 1298 τὴν
1133 1259 1302 1299 συμφορὰν
1330 1259 1616 1301 τῆς-Ἀλκήστιδος,
1652 1261 2031 1301 ἅγανακῑησάμενος

239 1296 393 1338 “Ηρακλῆς
415 1298 591 1328 §numam
617 1301 655 1340 τῷ
675 1298 820 1340 Ἀκάστῳ
843 1303 894 1330 καὶ
917 1301 971 1341 την
994 1302 1142 1340 στρατιάν
1165 1301 1263 1332 azizos·
1287 1301 1482 1342 διαφθείρει,
1507 1303 1558 1332 ubi
1585 1302 1721 1332 medium
1740 1303 1848 1332 eodem
1872 1303 2030 1333 intellectu

240 1339 458 1379 accipiendum
494 1348 551 1370 est.
598 1339 660 1370 Sed
696 1341 779 1381 quod
809 1341 912 1371 adhuc
936 1350 1086 1382 quantum
1113 1343 1178 1372 scio
1203 1354 1293 1373 nemo
1317 1344 1480 1384 produxit,
1516 1345 1608 1374 simili
1633 1346 1725 1375 modo
1749 1344 1826 1374 dixit
1850 1344 2031 1386 Hyperides

243 1382 327 1422 apud
352 1384 553 1423 Anouymum
579 1382 617 1412 ad
642 1382 795 1423 Hermog.
820 1383 857 1415 T.
871 1383 927 1415 IV.
951 1385 1022 1415 445.
1048 1395 1093 1424 sq.
1118 1384 1227 1416 Waiz:
1261 1386 1291 1417 οἱ
1314 1386 1348 1417 δὲ
1367 1385 1479 1428 Ῥηνεΐς
1502 1387 1787 1428 ἤγανιέκτηνῒαί
1809 1400 1841 1418 τε
1863 1391 1904 1430 τῷ
1927 1389 2031 1428 προέγ-

240 1437 316 1465 ματι
348 1428 397 1454 καὶ
434 1426 691 1464 προς-καλοῦντας
724 1426 858 1467 Δηλίους
886 1426 940 1468 τὴν
968 1426 1065 1468 αιῗῑῂν
1094 1427 1189 1468 δίκην.
1237 1426 1327 1460 Cont'.
1352 1428 1462 1460 Herm.
1488 1428 1620 1471 Sauppii
1645 1434 1756 1471 lragm.
1782 1428 1906 1461 Orator.
1933 1431 2032 1462 Attic.

242 1478 272 1507 p.
296 1467 367 1498 287.
394 1467 440 1498 74.
471 1468 512 1498 18.
549 1467 633 1497 Hinc
656 1467 719 1497 iam
743 1479 867 1508 possem
892 1469 922 1498 in
947 1469 1008 1499 alia
1030 1471 1186 1510 progredi,
1211 1471 1270 1500 nisi
1295 1471 1357 1501 duo
1381 1478 1484 1502 tresve
1506 1472 1563 1502 loci
1588 1473 1619 1502 in
1642 1480 1766 1513 promtu
1790 1482 1892 1503 essent
1917 1473 2030 1513 quibus

243 1509 325 1549 quod
350 1520 420 1539 cum
445 1509 483 1540 iis
506 1521 586 1550 quae
616 1510 774 1551 disputavi
805 1512 908 1541 miuus
932 1522 1103 1552 congruere
1128 1513 1273 1543 videntur
1295 1513 1356 1544 alio
1379 1515 1472 1545 modo
1495 1526 1585 1556 opem
1612 1515 1770 1545 ferendam
1795 1516 1933 1546 arbitror.
1982 1518 2031 1545 Ac

242 1552 362 1593 primus
381 1551 507 1592 quidem
521 1552 608 1583 locus
622 1559 667 1582 est
687 1553 739 1592 qui
753 1553 868 1593 legitur
885 1554 914 1583 in
928 1553 1064 1584 Luciani
1077 1555 1141 1586 Iov,
1159 1555 1256 1597 Trag.
1272 1558 1534 1598 41).p.<102,u129‹511
1547 1559 1579 1588 δὲ
1594 1558 1683 1589 afim}
1697 1560 1904 1598 ξυμπεσόντες
1915 1560 1945 1590 οὶ
1957 1561 2029 1589 θεοὶ

242 1597 386 1635 έμιονομ
397 1599 568 1634 αχοῦντο
587 1598 704 1635 ἀναμὶξ
722 1595 752 1626 οἳ
772 1597 900 1637 ἄρρενές
912 1610 943 1628 τε
957 1601 1007 1627 καὶ
1021 1597 1054 1628 αἱ
1066 1598 1204 1639 θήλειαι.
1239 1598 1288 1629 Ita
1305 1600 1496 1631 Iacobitzius
1510 1601 1594 1630 dedit
1608 1608 1637 1631 et
1650 1601 1679 1630 in
1694 1601 1844 1641 singulari
1858 1600 1950 1631 huius
1963 1602 2032 1631 dia-

245 1637 308 1677 logi
321 1645 349 1667 et
363 1638 392 1666 in
407 1638 523 1668 maiore
537 1639 671 1668 editione
685 1639 827 1668 codicum
843 1638 960 1670 Gorlic.
975 1647 1004 1671 et
1018 1638 1120 1671 Oxou.
1135 1642 1321 1673 auctoritate
1334 1642 1463 1674 ductus:
1480 1651 1607 1674 secutus
1620 1650 1666 1674 est
1682 1641 1834 1674 Geistius.
1859 1644 1919 1675 Sed
1934 1647 2032 1675 fateor

242 1690 292 1709 me
305 1680 478 1720 aegerrime
501 1680 610 1711 tulisse
635 1692 705 1710 cum
730 1692 798 1711 eam
817 1681 981 1712 lectionem
996 1689 1204 1725 anteposstam
1218 1684 1354 1726 legerem
1372 1685 1488 1716 nullam
1502 1686 1541 1716 ob
1555 1687 1646 1716 aliam
1667 1697 1810 1717 caussam
1830 1697 1923 1726 quam
1947 1686 2032 1726 quod

241 1721 404 1753 Lucianus
428 1726 597 1753 formarum
614 1724 707 1753 medii
726 1732 806 1754 esset
829 1725 1074 1756 amantissimus.
1119 1727 1229 1768 Inepta
1247 1739 1322 1758 sane
1341 1739 1378 1758 ae
1393 1728 1507 1768 frigida
1521 1737 1569 1759 est
1582 1740 1618 1759 ea
1630 1729 1770 1759 mutandi
1789 1731 1876 1760 ratio.
1922 1729 2031 1759 Debe—

242 1764 295 1795 bat
314 1765 394 1795 enim
419 1766 600 1797 meminisse
623 1766 670 1796 vir
692 1766 904 1805 doctissimus,
931 1768 1013 1808 quod
1037 1769 1076 1799 de
1100 1769 1232 1810 singulis
1249 1770 1354 1801 verbis
1373 1781 1453 1810 quae
1465 1771 1580 1802 formas
1599 1772 1693 1802 medii
1715 1774 1895 1812 praeferunt
1918 1772 2032 1807 valeat,

246 1807 329 1837 idem
363 1819 422 1838 nou
457 1808 495 1838 de
530 1808 675 1839 omuibus
709 1809 812 1840 valere
845 1821 903 1841 nec
932 1818 1048 1841 temere
1076 1811 1228 1852 quidquid
1251 1813 1281 1843 in
1307 1825 1343 1843 ea
1365 1824 1397 1843 re
1421 1813 1470 1844 vel
1493 1815 1602 1856 optimi
1627 1815 1697 1845 libri
1720 1814 1866 1845 exhibent
1889 1814 1920 1844 in
1944 1821 2033 1844 textu

241 1850 435 1880 emendando
458 1850 661 1891 prehendere,
685 1853 870 1893 praesertim
895 1864 965 1883 cum
991 1854 1152 1895 scriptoris
1175 1866 1252 1886 usus
1276 1856 1468 1888 adversetur.
1515 1858 1714 1887 Adversatur
1736 1865 1840 1887 autem
1856 1856 2031 1893 Luciauus,

243 1893 295 1933 qui
319 1893 412 1923 modo
437 1894 568 1925 verbum
591 1902 832 1935 μονομαχεῖν
855 1897 951 1933 novit,
976 1907 1015 1926 ex
1037 1908 1098 1938 quo
1121 1908 1191 1928 cum
1216 1898 1315 1929 Index
1327 1898 1510 1930 Lucianeus
1523 1910 1547 1931 s,
1562 1911 1589 1931 V.
1609 1911 1668 1929 non
1688 1911 1796 1930 omnes
1819 1901 1902 1930 locos
1926 1899 2031 1936 habet,

245 1935 302 1965 hos
326 1936 460 1967 adiicere
483 1937 585 1966 iuvat:
610 1941 844 1978 μονομαχῶν
867 1938 942 1969 Vot.
967 1940 1024 1975 39;
1050 1940 1106 1975 463
1129 1945 1455 1982 μονομαχοῦντες
1477 1942 1515 1973 de
1540 1940 1685 1974 Caluum.
1711 1944 1766 1978 10;
1789 1949 2032 1983 μονομαχεῖν

243 1978 334 2009 Asin.
358 1979 414 2014 49:
460 1980 765 2021 s’yovopwcc'xqffav
789 1980 873 2012 Dial.
897 1980 1025 2013 Meretr.
1048 1982 1127 2014 Xlll.
1152 1984 1187 2019 2;
1234 1985 1510 2026 ἐμονομάχησε
1533 1986 1638 2017 Paras.
1662 1986 1719 2021 453
1752 1989 2032 2027 μονομαχῆσαι

244 2020 323 2051 Tox.
352 2024 398 2057 11;
423 2022 480 2057 593
516 2023 638 2063 Dialog.
670 2023 797 2054 Meretr.
822 2023 901 2054 Xlll.
926 2025 954 2056 2.
999 2025 1218 2056 Adversantur
1252 2038 1325 2058 vero
1359 2027 1452 2058 etiam
1488 2028 1538 2058 alii
1573 2028 1755 2068 scriptores:
1789 2034 2032 2068 μονομαχεῖς

248 2063 373 2103 Syrian.
397 2065 426 2094 in
452 2064 604 2106 Hermog.
629 2064 668 2096 T.
692 2065 742 2096 lV.
768 2067 836 2097 187.
861 2066 939 2106 (bis)
964 2066 1080 2105 Walz„
1105 2067 1196 2100 Toni.
1223 2068 1261 2101 V.
1287 2070 1357 2101 34¹0.
1383 2071 1439 2106 21;
1463 2077 1681 2111 μονομαχεῖ
1709 2071 1775 2110 (ἐπὶ
1799 2075 1854 2102 τοῦ
1876 2073 2030 2112 βήματος)

247 2105 401 2138 Themist.
427 2105 482 2137 Or.
509 2107 536 2139 ll.
560 2120 589 2149 p.
613 2108 651 2139 37
666 2109 719 2144 A.;
742 2113 1013 2150 μονομαχοῦσι
1036 2110 1152 2142 Athen.
1178 2111 1228 2143 lV.
1257 2114 1314 2143 154
1329 2123 1367 2148 a.;
1392 2112 1475 2145 Plut.
1501 2111 1632 2151 Quaest.
1659 2112 2030 2154 G1·aee.13.p.294.A.;

249 2148 398 2189 Apollod.
422 2149 461 2181 lll.
485 2150 513 2181 6.
538 2152 572 2187 S;
595 2154 829 2192 μονομαχῶν
851 2151 982 2184 He1odi.
1006 2154 1024 2184 l.
1048 2155 1100 2189 153
1124 2153 1251 2186 Heliod.
1268 2154 1307 2187 V.
1322 2156 1372 2187 32.
1387 2156 1462 2192 2193
1485 2159 1790 2196 μονομαχοῦσαν
1814 2157 1922 2198 (ὄφιν)
1946 2156 2030 2187 Plut.

249 2189 350 2232 Gryll.
374 2192 402 2223 4.
428 2193 456 2223 ὃ.
480 2204 508 2234 p.
523 2192 657 2230 987.F.;
681 2196 1018 2236 μονομαχούντων
1042 2196 1156 2228 Athen.
1179 2196 1231 2228 lV.
1258 2198 1325 2229 154.
1343 2198 1400 2234 D.;
1425 2197 1617 2239 Posidippus
1643 2198 1793 2229 Comicus
1817 2200 1900 2241 apud
1915 2199 2030 2229 Athen.

244 2232 421 2267 1V.155.a.
446 2238 542 2268 (cons.
567 2235 705 2268 Meinek.
730 2236 850 2279 Fragg.
875 2236 963 2269 Com.
989 2236 1101 2270 Graec.
1125 2239 1176 2271 lV.
1202 2241 1293 2279 520„
1318 2239 1449 2271 Herodi.
1473 2241 1649 2277 l.15.s.f.;
1675 2240 1738 2271 Dio
1763 2240 1854 2273 Cass.
1869 2241 1964 2273 LIX.
1982 2242 2029 2276 143

248 2275 403 2307 Themist.
429 2276 484 2309 Or.
509 2277 570 2309 Vll.
594 2290 623 2320 p.
637 2280 687 2311 86.
702 2278 752 2316 C.;
775 2284 1106 2321 μονομαχοῦντας
1128 2281 1254 2314 Heliod.
1279 2282 1341 2313 Vll.
1366 2284 1385 2314 8
1418 2284 1496 2319 266ς
1525 2284 1586 2315 1)ἰο
1611 2282 1703 2317 Cass.
1728 2283 1799 2316 LV.
1815 2285 1880 2327 „263
1914 2297 2030 2326 μονο-

246 2326 385 2358 μαχεῖν
408 2319 489 2351 Plut.
513 2319 614 2352 Marc..
640 2324 669 2358 ’ἐς
695 2323 732 2353 de
758 2331 917 2364 superstit.
941 2325 969 2354 ὅ.
993 2334 1023 2364 p.
1052 2325 1117 2356 169.
1135 2324 1184 2361 B.;
1219 2324 1315 2356 Diod.
1341 2324 1381 2357 V.
1406 2326 1461 2361 2&
1498 2325 1609 2368 Polyb.
1636 2326 1676 2358 lll.
1701 2327 1749 2359 62.
1775 2325 1868 2363 (bis);
1893 2328 2031 2369 Appian.
