2318 2945
1173 235 1223 268 26

310 340 484 382 Philopatr.
512 341 559 374 12.
593 340 816 381 ἒπομόσωμαιῑ
839 338 877 369 de
903 337 1046 371 Calumn.
1074 339 1120 370 18.
1145 339 1395 379 ἐπομοσάμενος.
1441 336 1484 367 Et
1508 336 1654 377 quoniam
1679 335 1805 376 quidem
1831 335 1946 365 mentio
1970 334 2087 366 delibe-

309 384 401 415 rativi
425 394 517 424 quem
541 383 647 413 dicunt
672 381 860 413 coniunctivi
885 381 914 411 in
938 381 1111 412 enunciatis
1135 380 1177 411 ita
1201 380 1389 421 comparatis
1412 379 1525 410 iniecta
1549 386 1606 416 est,
1632 389 1691 420 ego
1714 378 1897 419 praesertim
1923 388 1993 407 cum
2018 388 2088 407 sen-

308 426 425 457 tentiae
459 425 595 456 virorum
631 425 792 455 doctorum
827 424 857 453 in
887 423 1028 454 diversas
1058 429 1162 465 partes
1196 423 1309 453 abeant
1343 422 1382 452 ab
1417 422 1474 452 hoc
1502 422 1568 452 loco
1592 432 1653 452 non
1677 420 1811 451 alienum
1836 431 1904 450 esse
1929 427 2040 450 censeo
2063 419 2089 450 si

310 479 403 499 usum
438 468 592 509 imprimis
627 466 761 497 Luciani
797 467 849 506 qui
885 466 924 496 sit
958 466 987 495 in
1024 465 1084 496 hoc
1118 465 1240 496 dicendi
1275 475 1389 505 genere
1422 465 1530 506 primis
1561 464 1650 505 quasi
1679 463 1768 493 lineis
1802 463 1966 503 designare
1990 473 2090 493 coner.

309 511 447 541 Accedit
481 511 563 550 quod
598 521 667 540 esse
701 509 853 548 quosdam
889 508 1030 539 homines
1065 508 1269 538 animadverti
1300 508 1351 546 qui
1381 517 1450 537 cum
1475 507 1534 548 ipsi
1559 518 1617 537 non
1642 506 1766 546 proprio
1790 504 1893 535 Marte
1916 504 2088 545 quidquam

313 552 464 584 conficere
499 560 551 583 aut
586 552 706 593 possint
736 558 790 581 aut
813 550 910 581 velint
933 562 1012 591 quae
1036 551 1075 581 ab
1098 551 1166 581 aliis
1191 561 1289 591 paene
1313 550 1477 590 imperiose
1500 558 1667 590 praecepta
1691 553 1762 578 sunt
1786 554 1900 578 temere
1923 557 2091 588 recoquere

311 595 419 627 solent.
464 595 500 627 Id
534 605 630 625 unum
664 593 753 624 doleo
786 593 869 634 quod
904 603 974 623 cum
1010 604 1048 623 ex
1083 593 1286 634 scriptoribus
1320 592 1428 632 paucis
1451 592 1542 633 pauci
1566 592 1718 622 duntaxat
1741 590 1799 620 loci
1822 590 1853 620 in
1876 589 2031 630 praesenti
2055 589 2087 619 in

312 645 437 680 promtu
472 639 548 673 sint,
583 647 647 667 rem
683 647 743 666 non
777 636 820 666 ita
854 642 887 665 ut
921 636 993 665 volo
1024 635 1061 666 ad
1088 635 1240 675 liquidum
1265 634 1435 676 perducere
1459 641 1574 675 potero,
1625 634 1743 664 Verum
1767 638 1869 663 tamen
1895 632 1987 662 etiam
2012 641 2092 671 quae

312 681 456 721 exempla
493 680 586 709 allata
621 679 734 709 fuerint
758 678 833 709 satis
857 678 922 708 fore
945 689 1014 708 reor
1047 685 1081 709 ut
1110 677 1243 708 Luciani
1274 676 1399 717 quidem
1423 676 1517 707 dictio
1540 676 1643 717 aliqua
1666 687 1704 706 ex
1728 682 1815 716 parte
1839 682 1921 705 recte
1945 673 2092 715 cognosci

311 724 420 765 possit.
466 722 502 752 In
526 733 586 762 qua
610 732 642 751 re
666 722 709 751 ita
732 721 889 762 agendum
913 720 1021 761 putavi
1051 727 1085 751 ut
1110 731 1189 760 quae
1213 719 1391 750 testimonia
1414 718 1514 749 habeo
1537 730 1593 760 pro
1616 726 1790 760 temporum
1814 717 1934 747 ratione
1958 717 1988 746 in
2012 716 2090 746 duas

312 766 428 796 classes
463 765 681 794 distribuerem
710 769 741 794 et
764 763 859 804 priori
884 762 1009 803 quidem
1033 763 1243 793 adscriberem
1266 762 1296 792 in
1321 761 1434 802 quibus
1458 772 1528 792 cum
1553 762 1769 792 coniunctivus
1793 760 1898 790 aoristi
1922 759 1952 789 in
1977 759 2091 789 talibus

313 810 528 847 frequentetur
550 807 724 848 praesentis
748 806 898 847 temporis
922 817 1046 846 quaqua
1070 806 1108 836 de
1132 816 1245 835 caussa
1268 810 1438 844 usurpatus
1462 810 1519 836 est.
1563 803 1705 835 Hermot.
1729 804 1781 835 48.
1814 803 1921 843 βούλει
1944 802 2093 843 ἀφαιρῶ-

311 861 369 890 μεν
391 849 547 890 quomodo
572 860 653 879 nunc
676 859 714 879 ex
738 860 836 889 marg.
851 848 925 880 Ald.
950 860 991 889 pr.
1006 847 1143 879 Wessel.
1167 859 1222 888 pro
1246 847 1447 887 ἀφαιροῦμεν
1469 846 1590 887 legitur.
1628 846 1855 877 Soloecismum
1878 845 1984 885 βούλει
2007 844 2093 875 ἀπο-

313 893 486 933 κληροῦμεν
512 891 565 921 Bis
591 893 668 923 Acc.
696 891 742 922 14.
768 901 861 931 quem
886 891 1089 921 Iacobitzium
1114 890 1167 920 vix
1192 889 1357 920 crediderit
1379 889 1546 929 quisquam
1566 889 1596 918 in
1618 889 1752 919 editione
1770 888 1885 918 maiore
1898 887 2093 929 propinasse,

311 936 423 965 melius
447 946 464 964 a
488 933 654 964 Dindorfio
678 933 789 964 doctus
814 933 843 963 in
868 933 965 963 altera
988 933 1123 964 editione
1147 932 1317 962 eliminavit
1342 931 1506 962 scribendo
1529 931 1766 973 ἀποκληρῶμεν.
1800 930 1839 960 Et
1863 929 1907 960 sic
1931 936 2001 971 post
2023 929 2094 971 plu-

311 977 447 1008 rativum
482 977 640 1017 βούλεσθε
669 977 747 1007 Plut.
771 976 810 1006 de
834 975 911 1017 glor.
937 975 1052 1007 Athen.
1076 978 1102 1007 6.
1128 986 1155 1016 p.
1181 974 1249 1006 348.
1276 974 1312 1006 E.
1337 974 1495 1014 βούλεσθε
1517 975 1694 1014 εἷςάγωμεν.
1738 973 1813 1004 Huc
1847 973 2001 1014 pertinent
2036 971 2094 1002 loci

309 1020 341 1050 in
366 1020 479 1060 quibus
503 1019 721 1050 coniunctivus
740 1019 913 1059 praesentis
936 1029 1031 1059 prope
1055 1017 1250 1047 necessarius
1275 1023 1340 1047 erat
1363 1023 1417 1047 aut
1440 1017 1522 1057 quod
1546 1016 1763 1047 coniunctivus
1786 1016 1892 1046 aoristi
1913 1026 1973 1045 non
1995 1018 2097 1045 exstat

313 1060 452 1094 Charon.
478 1064 505 1093 7.
539 1063 645 1102 βούλει
678 1062 796 1101 ἔρωμαι
829 1061 984 1102 quomodo
1009 1060 1093 1090 solus
1116 1059 1266 1090 Menkius
1289 1059 1391 1096 dedit,
1428 1059 1511 1099 quod
1546 1059 1658 1100 probo:
1691 1058 1881 1090 Iacobitzius
1911 1059 1941 1088 in
1966 1064 2096 1098 utraque

311 1105 446 1135 editione
482 1116 498 1135 e
540 1104 702 1135 codicibus
728 1103 816 1136 Gorl.
840 1109 869 1134 et
894 1103 994 1134 Paris.
1023 1103 1111 1135 1428.
1141 1102 1330 1133 introduxit:
1354 1102 1460 1142 βούλει
1482 1103 1649 1143 ἐρήσομαι,·
1672 1101 1857 1132 Dindorfius
1882 1107 1911 1131 et
1936 1100 2097 1131 Sommer-

314 1148 454 1178 brodtius
489 1153 664 1179 mutarunt:
701 1148 728 1178 εἰ
757 1147 864 1187 βούλει
897 1147 1048 1187 ἐρήσομαι
1080 1150 1132 1175 aut
1166 1145 1247 1185 quod
1278 1144 1317 1175 ab
1342 1145 1401 1175 alio
1426 1146 1521 1175 verbo
1545 1144 1628 1185 apud
1652 1144 1776 1174 Atticos
1801 1149 1883 1174 certe
1907 1143 2097 1173 desumitur:

313 1190 396 1221 Xen.
421 1189 519 1221 Mem.
544 1189 573 1221 ll.
598 1191 627 1220 4.
657 1193 679 1221 1.
713 1190 820 1230 βούλει
843 1193 1024 1229 σκοπῶμεν,·
1058 1187 1103 1218 Id.
1132 1187 1204 1219 ibid.
1231 1186 1270 1219 111.
1294 1190 1319 1220 5.
1349 1189 1373 1219 1.
1407 1188 1513 1228 βούλει
1536 1187 1747 1227 ἐπισκοκῶμεν
1769 1198 1825 1227 pro
1848 1196 1909 1226 quo
1932 1185 2013 1215 idem
2038 1185 2098 1215 ibi-

314 1233 386 1264 dem
409 1232 438 1263 ll.
466 1236 490 1265 1.
517 1234 565 1264 10.
588 1233 696 1272 βούλει
718 1233 969 1273 ἐπισκεψώμεθα
993 1230 1080 1261 dixit.

339 1306 341 1309 ,
425 1275 462 1305 In
496 1275 625 1305 alteram
661 1276 792 1305 classem
828 1273 1020 1305 infarcienda
1043 1280 1115 1303 sunt
1145 1272 1288 1314 exempla
1311 1272 1342 1302 in
1366 1271 1480 1312 quibus
1503 1271 1719 1302 coniunctivus
1743 1270 1965 1301 deliberativus
1988 1269 2096 1301 aoristi

311 1318 434 1359 legitur.
481 1317 568 1348 Satis
592 1317 691 1348 habeo
715 1328 817 1358 pauca
840 1317 877 1347 de
903 1316 1008 1346 multis
1032 1316 1150 1347 afferre.
1197 1315 1281 1346 Dial.
1308 1314 1403 1346 Mort.
1429 1315 1447 1344 l.
1472 1316 1500 1345 2.
1530 1315 1637 1354 βούλει
1659 1314 1857 1354 ἐντείλωμαι,·
1894 1313 1973 1344 [bid.
1996 1313 2041 1344 X.
2065 1314 2094 1345 9.

315 1361 421 1401 βούλει
445 1360 631 1402 ἀφέλωμαι,·
666 1358 760 1392 Char.
785 1360 813 1392 9.
837 1360 942 1400 βούλει
966 1358 1149 1399 ἀκούσωμεν
1171 1358 1224 1388 ubi
1249 1357 1314 1388 cod.
1339 1357 1440 1388 Paris.
1470 1357 1557 1388 1425.
1581 1364 1611 1387 et
1633 1356 1707 1388 edit.
1731 1355 1827 1386 Basil.
1852 1355 1892 1386 111.
1916 1354 2093 1396 ἀκούσομεν

313 1404 394 1434 male
426 1403 587 1444 praebent.
635 1400 758 1442 Catapl.
785 1403 811 1433 6.
847 1402 953 1442 βούλει
985 1402 1160 1443 παραγάγω
1195 1399 1248 1430 ubi
1283 1399 1372 1430 codd.
1410 1398 1498 1431 Gorl.
1528 1404 1556 1429 et
1583 1397 1689 1430 Guelf.
1714 1409 1758 1439 pr.
1792 1399 1926 1438 παράγω
1961 1397 2093 1433 habent3

314 1444 424 1487 Cynic.
450 1446 479 1476 3.
513 1445 619 1485 βούλει
653 1445 769 1485 ἴδωμαι
802 1455 818 1475 e
855 1445 942 1476 codd.
970 1442 1054 1475 Gorl.
1080 1451 1109 1473 et
1136 1442 1240 1474 Guelf.
1266 1453 1318 1472 sec
1362 1453 1417 1483 pro
1448 1442 1561 1482 quoin
1592 1441 1784 1471 editionibus
1818 1441 1949 1481 εἴδωμεν
1982 1445 2094 1471 exstat.

312 1487 381 1518 Nec
414 1488 504 1518 aliter
527 1487 607 1519 Plat.
634 1485 732 1528 Gorg.
757 1487 827 1519 454.
852 1486 890 1518 E.
923 1487 1030 1527 βούλει
1056 1489 1183 1527 θῶμενς
1222 1484 1354 1515 Phaedr.
1379 1485 1450 1516 228.
1477 1484 1513 1515 E.
1538 1491 1566 1514 et
1591 1484 1662 1515 263.
1687 1483 1725 1515 E.
1760 1484 1866 1523 βούλει
1900 1483 2095 1523 ἀναγνῶμεν,·

311 1532 383 1563 272.
409 1530 446 1563 C.
470 1530 577 1570 βούλει
599 1532 695 1567 εἴπω,·
733 1529 815 1561 Xen.
841 1529 938 1561 Mem.
964 1529 1012 1560 lV.
1037 1531 1065 1561 2.
1095 1531 1139 1559 15.
1163 1527 1273 1569 βούλει
1294 1529 1485 1569 γράψωμεν,·
1518 1527 1593 1558 ibid.
1618 1528 1642 1567 ᾗ.
1671 1527 1717 1557 16.
1742 1526 1848 1566 βούλει
1871 1527 2092 1567 πορισώμεθα.

310 1573 386 1604 Pari
410 1573 504 1603 modo
529 1572 675 1614 Tragici:
702 1572 795 1614 Soph.
809 1571 944 1604 Philoct.
960 1573 1028 1604 762.
1053 1572 1160 1612 βούλει
1181 1572 1329 1611 λάβωμαι
1351 1571 1429 1612 δῆτα
1451 1574 1503 1601 καὶ
1525 1573 1617 1609 θίγω.
1652 1569 1728 1601 Eur.
1745 1569 1859 1601 Phoen.
1875 1567 2094 1601 waliirehh.

310 1617 419 1658 βούλει
440 1617 619 1657 τράπωμαι.
661 1615 758 1647 Simili
775 1614 893 1645 ratione
911 1620 981 1656 post
999 1615 1175 1655 βούλεσθει
1201 1613 1311 1654 Scyth.
1324 1613 1352 1644 9.
1376 1614 1533 1654 βούλεσθε
1556 1611 1706 1651 ἐπαγάγοι
1724 1612 1776 1642 ubi
1790 1612 1856 1642 cod.
1872 1611 2008 1643 Vindob.
2026 1610 2094 1642 114.

311 1660 433 1698 ἐπάγω,
457 1659 522 1689 cod.
549 1657 693 1689 Wittian.
719 1658 833 1697 ἀπάγω
858 1657 1022 1693 exhibent;
1047 1658 1133 1688 Dem.
1159 1655 1213 1688 Or.
1239 1655 1372 1687 XXIV.
1404 1656 1469 1688 17-1.
1493 1656 1650 1696 βούλεσθε
1673 1657 1767 1692 εἴπω,·
1797 1654 1893 1686 Arist.
1920 1653 1998 1685 Ran.
2023 1654 2094 1685 416.

311 1702 468 1743 βούλεσθε
501 1702 688 1743 σκώψωμεν,
723 1708 754 1731 et
782 1702 812 1730 in
837 1701 1001 1731 enunciato
1025 1699 1250 1740 interrogativo
1275 1698 1539 1738 quemadmodum
1563 1698 1670 1739 βούλει
1692 1698 1860 1728 insertum:
1900 1696 2042 1727 Hermot.
2067 1696 2094 1727 4.

314 1746 404 1786 πόσῳ
427 1747 485 1775 τινὶ
507 1744 614 1783 βούλει
636 1743 838 1785 ὑψηλοτέραν
862 1767 868 1774 .
893 1767 900 1774 .
924 1745 1035 1783 θῶμεν
1057 1744 1137 1774 εἶναι
1159 1743 1213 1784 τὴν
1236 1743 1352 1782 ἰὶκρανς
1375 1742 1419 1771 ita
1441 1741 1602 1783 pluraliter
1630 1740 1765 1781 positum
1789 1740 1962 1780 βούλεσθεε
2000 1738 2094 1770 Dem.

313 1786 371 1819 Or.
397 1785 529 1818 XXIV.
546 1786 614 1819 176.
637 1789 666 1817 τί
687 1786 745 1826 γὰρ
768 1787 926 1827 βούλεσθε
948 1788 1045 1823 εἴπως
1069 1786 1122 1816 Ad
1146 1785 1229 1815 hunc
1252 1784 1392 1815 ordinem
1415 1794 1557 1825 aggrego
1580 1784 1664 1814 locos
1687 1783 1718 1813 in
1741 1783 1855 1824 quibus
1879 1781 2094 1824 praedicatum

311 1829 468 1861 enunciati
504 1829 703 1859 coniunctivo
733 1828 839 1860 aoristi
863 1829 907 1859 ita
930 1829 1078 1860 efferatur
1101 1832 1135 1859 ut
1159 1832 1312 1868 congruat
1335 1837 1406 1858 cum
1430 1825 1658 1858 inclinamentis
1687 1830 1741 1856 aut
1774 1826 1964 1866 praesentis:
2010 1823 2095 1854 Her-

315 1878 390 1903 mot.
414 1873 464 1904 55.
498 1872 606 1912 βούλει
633 1871 854 1913 ἀποκρίνωμαι
883 1883 944 1912 quo
967 1871 1034 1902 loco
1057 1871 1087 1901 in
1112 1870 1219 1901 codice
1245 1869 1352 1902 Guelf.
1377 1880 1438 1902 sec,
1463 1870 1676 1911 ἀποκρίνομαι
1698 1873 1746 1899 est
1768 1873 1799 1898 et
1821 1868 1852 1898 in
1876 1866 2093 1898 enuncia-tione

311 1914 554 1956 interrogativa:
580 1913 723 1946 Hermot.
749 1915 797 1945 32.
822 1918 849 1945 τί
871 1915 979 1955 βούλει
1002 1914 1223 1955 ἀποκρίνωμαι
1245 1913 1347 1954 αὓτῷς
1370 1918 1424 1943 aut
1447 1913 1543 1944 futuri
1568 1911 1732 1953 temporis:
1755 1909 1840 1942 Dial.
1859 1909 1954 1941 Mort.
1968 1908 2051 1940 XX.
2066 1908 2092 1939 3.

312 1958 419 1998 βούλει
442 1957 603 1995 ἐπιδείξω,·
642 1955 779 1988 Charon.
804 1958 852 1988 20.
882 1958 990 1997 βούλει
1011 1959 1194 1997 παραινέσω
1211 1958 1257 1995 ¹⁶).
1304 1956 1368 1988 Iov.
1394 1955 1491 1996 Trag.
1518 1956 1564 1988 14.
1588 1955 1695 1995 βούλει
1717 1953 2002 1995 ἀναρραψῳδήσω,
2037 1949 2093 1982 ubi

313 2000 394 2031 male
427 2000 458 2030 in
493 2002 557 2030 cod.
584 1998 670 2030 Gorl.
696 1999 944 2042 ἀναραψωδήσω
968 2000 1092 2041 legitur.
1137 1999 1212 2030 Eur.
1238 1998 1355 2030 Phoen.
1381 1998 1452 2029 912.
1478 2002 1507 2028 et
1531 1998 1630 2029 Arist.
1654 1997 1736 2038 qu.
1761 1998 1810 2028 36.
1833 1996 1940 2036 βούλει
1963 1995 2094 2036 φράσαις

312 2043 388 2074 Eur.
413 2042 484 2074 Hel.
512 2042 600 2075 1428.
634 2043 742 2083 βούλει
765 2044 929 2084 ἐκπέμψω.
975 2042 1016 2072 Et
1052 2047 1123 2083 post
1155 2042 1313 2082 βούλεσθε
1341 2040 1453 2082 plurali
1482 2051 1611 2071 numero
1635 2039 1890 2081 pronunciatum:
1929 2037 2094 2078 Philyllius

314 2084 464 2117 Comicus
488 2085 572 2123 apud
596 2084 737 2118 Meinek.
761 2085 780 2115 l.
795 2096 821 2116 c.
845 2085 888 2117 ss.
910 2086 981 2118 859.
1005 2085 1162 2126 βούλεσθε
1185 2086 1309 2127 φράσω.
1354 2085 1462 2124 Atque
1485 2083 1523 2114 de
1546 2083 1595 2113 his
1618 2082 1744 2123 quidem
1768 2081 1902 2112 editores
1926 2080 1965 2110 ad
2000 2089 2097 2111 unum

312 2138 421 2160 omnes
456 2127 655 2160 concordant.
701 2127 763 2160 Sed
797 2127 878 2158 hanc
912 2127 1111 2158 concordiam
1147 2128 1338 2159 Schaeferus
1367 2126 1407 2156 ad
1440 2125 1514 2157 Bos.
1539 2124 1598 2156 ΕΠ.
1626 2126 1696 2158 765.
1728 2130 1759 2154 et
1783 2122 1987 2155 Godofredus
2011 2121 2095 2153 Her-

310 2181 446 2202 mannus
469 2170 499 2200 in
524 2169 646 2211 Opusc.
671 2171 687 2202 l.
711 2171 784 2202 207.
808 2170 951 2202 turbasse
975 2170 1121 2201 videntur
1145 2170 1198 2211 qui
1221 2170 1297 2201 locis
1321 2169 1387 2200 sive
1409 2169 1513 2199 minus
1536 2178 1684 2210 prospere
1707 2167 1836 2198 delectis
1861 2177 1916 2197 seu
1933 2175 2097 2207 perperam

426 2280 472 2309 16)
500 2282 536 2306 Ut
552 2283 627 2307 verbi
646 2282 767 2307 ἐπαινεῖν
787 2282 903 2307 futurum
931 2285 971 2307 est
999 2285 1044 2307 aut
1067 2282 1186 2307 ἔπανὲσω
1204 2284 1250 2307 aut
1268 2280 1450 2314 ἐπαινέσομαι,
1478 2279 1547 2312 quod
1568 2280 1661 2304 Atticis
1680 2282 1759 2311 atque
1778 2279 1855 2304 etiam
1873 2278 1990 2302 Luciano
2008 2277 2092 2309 magis

308 2317 397 2357 placet
416 2316 493 2348 (conf.
505 2317 632 2376 Olzservv.
651 2317 760 2343 Lucian.
779 2317 801 2343 Ι.
821 2316 861 2342 13.
881 2325 906 2343 n.
926 2317 968 2344 1⁴2.
987 2317 1024 2341 ita
1045 2317 1118 2342 verbi
1136 2316 1281 2350 παραινεῖν
1298 2316 1414 2340 futurum
1431 2322 1484 2340 non
1502 2315 1586 2339 solum
1603 2314 1754 2347 παραινέσω
1774 2313 1820 2338 sed
1839 2313 1916 2337 etiam
1934 2311 2093 2345 παραινέσο-

307 2360 359 2386 μαι
376 2359 403 2376 m
421 2359 471 2376 usu
490 2359 553 2376 era.
