2318 2945
1087 232 1133 263 21

223 333 379 375 ἀναλάβῃ.
402 346 428 364 κ.
452 346 477 364 τ.
500 333 529 364 λ.
562 332 615 363 ubi
651 332 746 370 αι’τός
778 333 838 374 ἀφ’
859 332 972 364 ἑαυτοῦ
1002 343 1040 363 ex
1064 334 1239 365 coniectura
1263 331 1427 364 Schaeferi
1450 329 1610 373 proposita
1633 328 1684 359 illa
1706 329 1736 359 in
1760 328 1868 361 Melet.
1892 341 1921 370 p.
1945 330 1998 361 22.

222 376 402 407 restitutum
425 382 472 406 est
495 386 551 417 pro
574 374 630 417 ὑφ’
651 375 764 407 ἑαυτοῦ
787 375 870 415 quod
894 375 964 405 libri
987 382 1229 416 repraesentant,
1253 375 1356 406 ausim
1380 381 1483 405 tamen
1500 372 1643 404 dubitare
1661 382 1735 402 num
1747 382 1821 402 vera
1840 371 1878 401 sit
1892 382 1998 402 emen-

222 418 308 449 datio
330 418 454 449 etiamsi
477 417 646 448 concedam
670 418 915 459 praepositiones
940 417 1006 449 ἀπὸ
1030 422 1059 448 et
1082 416 1148 448 ὑπὸ
1171 418 1314 449 facillime
1337 417 1477 459 potuisse
1501 414 1657 446 confundi.
1705 412 1806 444 Immo
1829 413 1998 455 legendum

223 471 294 491 esse
317 460 434 498 αὐτὸς
456 461 514 502 ἐφ’
535 460 674 491 ἑαυτοῦ
697 461 911 491 demonstrant
933 459 992 490 loci
1016 460 1069 500 qui
1094 465 1166 491 sunt
1189 471 1315 500 prorsus
1339 459 1525 490 consimiles.
1562 455 1686 488 Aelian.
1712 455 1751 487 V.
1775 455 1817 487 H.
1841 456 1860 487 l.
1884 456 1935 487 34.
1970 454 2001 486 οἶ

223 504 257 534 δὲ
291 504 507 545 ἐξεπλάγησαν
537 506 590 534 καὶ
611 502 724 535 αὗτοῐ
753 505 822 543 μὲν
843 502 901 543 ἐφ’
922 502 1066 533 ἑαυτῶν
1089 503 1155 533 οὐκ
1177 502 1330 543 ἔκριναν
1352 503 1406 544 τὴν
1428 501 1698 537 καταδικάζουσαν
1719 498 1846 536 ἀγαγεῖν
1869 500 1993 540 ψῆφον.

222 546 302 577 Plut.
325 546 364 577 de
387 545 552 577 audiendo.
579 548 605 577 7.
628 556 659 586 p.
682 546 732 577 41.
755 545 791 576 Β.
813 544 886 581 τοὺς
907 544 942 575 ἒν
965 545 1142 587 φιλοσοφίᾳ
1163 545 1272 583 λόγους
1295 570 1313 577 ..
1335 546 1392 587 χρὴ
1415 569 1433 576 ..
1457 543 1596 579 αὐτοὺς
1618 542 1679 584 ἐφ’
1701 541 1848 572 ἑαυτῶν
1870 541 2000 578 ἐξετά-

223 589 312 625 ζειν,
335 588 389 619 ubi
412 588 484 619 vide
510 587 672 629 Wyttenb.
697 599 725 628 p.
751 587 821 620 344.
844 586 976 627 Dionys.
1002 587 1106 620 Halic.
1131 587 1259 627 Antiqq.
1281 587 1372 619 Rom.
1398 587 1437 619 V.
1463 588 1510 619 ΤΟ,
1538 586 1593 627 τὴν
1615 588 1734 624 αἵρεσιν
1755 585 1810 614 τοῦ
1832 583 2000 622 μέλλοντος

224 631 334 671 ἄρχειν
366 637 431 668 τοῖς
464 631 497 662 ἐκ
529 632 585 662 τοῦ
618 630 780 670 συνεδρίου
813 631 1030 671 συνεχώρησαν
1053 630 1186 666 αὐτοῖς
1208 630 1265 671 ἐφ’
1288 631 1432 661 ἑαυτῶν
1454 629 1762 670 βουλευομένοις
1782 626 1999 666 ποιήσασθαι,-

223 680 291 704 tum
324 674 353 703 in
388 673 456 714 pari
489 674 653 704 verborum
683 672 881 713 copulatione
909 683 989 713 quae
1013 679 1060 703 est
1083 672 1167 713 apud
1191 671 1324 702 Lucian.
1347 672 1386 703 de
1411 671 1556 703 Calumn.
1580 673 1630 703 31.
1664 669 1755 700 αὐτὸ
1778 668 1836 709 ἐφ’
1859 667 1999 698 ἑαυτοῦ

222 716 281 757 χρὴ
302 716 337 747 τὸ
360 718 492 757 πρᾶγμα
514 715 715 753 ἐξετάζειν.
762 714 855 747 Dem.
880 714 937 748 Or.
961 714 1069 746 XVlll.
1094 715 1164 746 224.
1189 714 1282 746 αὐτὸ
1304 714 1339 745 τὸ
1360 716 1478 757 πρᾶγμ’
1500 716 1541 745 ἄν
1563 714 1735 754 ἐκρίνετο
1763 711 1822 753 ἐφ’
1845 710 1998 741 ἑαυτοῦ.

223 757 352 789 Phalar.
376 758 437 799 Ep.
460 760 489 790 5.
512 759 561 789 28.
596 756 688 788 αιῗτὸ
711 758 769 799 ἐφ’
791 757 929 790 ἑαυτοῦ
952 770 986 789 το
1011 758 1134 789 δίκαιον
1156 757 1397 798 ἐλογισάμην.
1444 757 1567 787 Arrian.
1593 755 1695 786 Anab.
1720 753 1813 784 Alex.
1837 751 1900 783 Vll.
1918 752 1946 784 9.
1970 750 2000 782 9.

223 803 324 832 ταῦτα
345 805 403 841 μὲν
424 801 520 842 102ng
541 801 596 830 τοῦ
618 800 740 841 πατρὸς
762 803 816 831 τοῦ
839 801 916 841 ἐμοῦ
934 801 965 837 ἐς
980 799 1062 841 ὑμᾶς
1073 799 1256 842 ὑπηργμένα
1272 798 1314 836 ὠς
1329 802 1387 840 μὲν
1407 800 1504 832 αὐτοὶ
1526 799 1583 841 ἐφ’
1601 799 1747 829 ἑαυτῶν
1770 796 2001 836 σκέψασθαι

222 844 350 884 μεγάλα.
395 842 461 874 Nec
483 843 588 872 aliter:
613 841 744 874 Lucian.
767 842 806 873 de
830 845 930 874 saltat.
956 845 1002 876 63.
1027 843 1146 880 αὐτὸς
1168 843 1227 884 ἐφ’
1249 842 1390 874 ἑαυτοῦ
1413 843 1582 884 ὠρχήσατο.
1605 839 1739 871 Aristid.
1764 838 1821 870 Or.
1837 837 1877 870 V.
1891 837 1938 868 60.
1961 836 2002 867 τοὶ

223 886 258 917 δὲ
291 889 343 917 καὶ
376 888 432 917 νῦν
464 885 508 916 ἔτι
538 887 687 926 φαίνεται
717 887 866 926 πράττων
893 886 1009 923 αὐτὸς
1037 886 1095 927 ἐφ’
1118 885 1271 916 ἑαυτοῦ.
1316 885 1361 916 Id.
1387 882 1444 916 Or.
1468 883 1576 916 XLV.
1602 884 1670 915 146.
1705 883 1732 913 εἶ
1754 884 1860 912 τοίνυν
1882 892 1927 916 τις
1947 882 2000 910 καὶ

222 931 364 965 τοιοῦτος
385 929 536 969 ἐγγένοιτο
592 927 703 965 αὐτὸς
725 928 754 958 δ’
778 929 836 971 ἐφ’
853 929 993 960 ἑαυτοῦ
1014 935 1079 965 τοῖς
1096 928 1200 967 λόγοις
1210 930 1322 970 χρῷτο.
1334 940 1360 958 κ.
1370 927 1431 958 τ.λ.
1455 921 2000 967 Dio.Chrysost.Or.XXXV111.6.

221 972 265 1013 μὴ
297 971 352 1013 τὴν
384 969 538 1010 ὁμόνοιαν
569 970 691 1012 αὐτὴν
724 971 782 1011 ἐφ’
804 971 941 1013 ἑαυτῆς
968 971 1066 1012 καλὴν
1087 972 1169 1002 εἶναι
1190 972 1379 1011 πιστεύσητε.
1424 968 1511 1001 Xen.
1534 971 1594 1000 An.
1618 968 1647 1000 ll.
1671 969 1699 1000 4.
1727 968 1773 999 10.
1810 965 1922 996 αὐτοὶ
1945 964 2002 1006 ἐφ’

223 1014 367 1045 ἑαυτῶν
389 1013 537 1053 ἐχώρουν.
583 1012 718 1054 Dionys.
742 1013 846 1045 Halic.
871 1013 1001 1054 Antiqq.
1026 1013 1117 1044 Rom.
1140 1013 1159 1044 l.
1177 1014 1208 1045 8.
1232 1012 1262 1044 οἱ
1284 1013 1340 1049 τὰς
1361 1012 1521 1049 πολιτείας
1543 1011 1662 1048 αὕτας
1685 1011 1742 1052 ἐφ’
1765 1009 1910 1040 ἑαυτῶν
1933 1007 2002 1048 διη-

221 1057 396 1098 γησάμενοι.
441 1054 575 1086 Aristid.
601 1054 657 1087 Or.
680 1054 757 1086 XL.
776 1057 846 1087 751.
870 1057 930 1087 ὅσα
951 1058 1009 1096 μὲν
1031 1059 1093 1086 τῶν
1115 1057 1310 1096 πραγμάτων
1332 1055 1428 1086 αὐτοὶ
1451 1055 1508 1096 ἐφ’
1531 1054 1675 1085 ἑαυτῶν
1698 1051 1880 1091 παρακαλεῖ
1900 1060 2001 1080 σπου-

222 1099 335 1136 δάζειν.
381 1097 533 1128 Similiter
565 1105 685 1139 poetae.
732 1097 899 1128 Philemon
933 1098 1015 1137 apud
1051 1097 1190 1130 Meinek.
1225 1098 1245 1130 l.
1269 1108 1294 1129 c,
1329 1096 1387 1129 IV.
1411 1096 1460 1129 46.
1501 1097 1615 1133 αὐτος
1648 1096 1677 1126 δ’
1704 1096 1761 1136 ἐφ’
1784 1092 1903 1124 αὑτοῦ
1927 1093 2002 1122 ’στιν

223 1140 362 1182 πονηρὸς
383 1143 435 1171 καὶ
457 1141 577 1181 πικρός.
622 1140 774 1181 Lynceus
797 1139 948 1171 Comicus
972 1151 998 1170 V.
1028 1139 1074 1171 18.
1098 1140 1182 1180 apud
1205 1139 1345 1171 Meinek.
1368 1139 1387 1171 l.
1412 1150 1436 1170 c.
1460 1139 1517 1171 IV.
1541 1139 1612 1170 433.
1648 1137 1768 1169 πίνακά
1800 1148 1854 1176 μοι
1886 1135 2004 1165 τούτων

221 1184 422 1224 παραθήσεις
454 1183 568 1214 αὐτὸν
601 1183 658 1224 ἐφ’
685 1183 825 1215 ἑαυτοῦ
857 1186 966 1224 μέγαν.
1011 1183 1124 1222 Itaque
1156 1188 1241 1213 recte
1264 1181 1295 1212 ni
1319 1181 1409 1213 fallor
1433 1180 1567 1212 Carolus
1592 1179 1782 1211 Sintenisius
1806 1184 1933 1208 secutus
1956 1182 2005 1206 est

220 1225 386 1256 Reiskium
409 1225 463 1266 qui
485 1225 570 1266 apud
593 1225 674 1256 Plut.
700 1224 825 1259 Camill.
848 1227 876 1257 2.
900 1237 939 1256 ex
961 1224 1045 1256 lunt.
1071 1232 1101 1256 et
1125 1224 1231 1256 Aldin.
1256 1229 1377 1255 textum
1399 1223 1482 1254 hunc
1508 1224 1538 1254 in
1563 1223 1690 1253 modum
1713 1220 1866 1252 restituit:
1890 1219 2006 1255 αὐτὸς

221 1268 280 1310 ἔφ’
303 1268 441 1299 ἑαυτοῦ
464 1270 589 1309 πρῶτος
611 1269 642 1306 ἒς
665 1269 764 1307 δόξαν
786 1269 953 1310 προῆλθεν
975 1269 1009 1299 ἐν
1030 1270 1065 1309 τῇ
1087 1269 1204 1309 μεγάλῃ
1225 1266 1311 1309 μα’χῃ
1333 1267 1414 1308 πρὸς
1435 1267 1597 1303 Αἰκανοὺς
1619 1278 1644 1296 κ.
1668 1277 1694 1296 τ.
1717 1265 1744 1295 λ.
1780 1274 1835 1305 pro
1858 1273 1894 1293 eo
1919 1261 2004 1302 quod

219 1311 252 1341 in
286 1311 422 1342 editione
457 1312 611 1352 Stephani
647 1311 826 1353 legebatur:
863 1311 978 1348 αὐτὸς
1000 1311 1063 1353 ἄρ’
1086 1311 1196 1342 ἑαυτο
1206 1312 1234 1346 ὖ,
1269 1320 1448 1351 quanquam
1483 1309 1534 1339 hic
1561 1318 1692 1349 parvum
1723 1306 1890 1337 discrimen
1925 1305 2005 1334 inter

219 1362 370 1393 utrasque
393 1353 540 1394 loquendi
562 1354 698 1385 rationes
721 1365 790 1385 esse
814 1355 930 1393 sentio,
954 1354 1010 1384 sed
1033 1355 1058 1384 si
1083 1365 1155 1384 vere
1177 1353 1324 1384 differunt
1348 1363 1441 1393 saepe
1464 1363 1526 1382 non
1550 1350 1684 1381 multum
1707 1350 1858 1380 interesse
1880 1347 2005 1378 videtur

220 1395 280 1427 hoc
311 1395 403 1427 illone
436 1395 530 1427 modo
563 1396 659 1428 dicas.
705 1398 751 1427 At
782 1408 856 1427 vcro
884 1397 968 1439 apud
993 1397 1121 1437 Dionys
1147 1395 1251 1428 Halic.
1275 1396 1406 1436 Antiqq.
1430 1394 1523 1427 Rom.
1546 1393 1607 1425 IX.
1631 1394 1681 1424 44.
1715 1395 1783 1423 τοτὲ
1816 1394 1874 1432 μὲν
1905 1389 2005 1430 ἀρχὰς

220 1439 336 1477 ἐξεῖναι
369 1441 476 1481 σφίσιν
508 1439 669 1477 ἀξιοῦντες
702 1439 846 1477 αὐτοὺς
879 1440 936 1482 ἐφ’
965 1439 1111 1470 ἑαυτῶν
1142 1438 1369 1470 ἀποδεικνύναι
1404 1448 1461 1468 nec
1489 1437 1547 1479 ἐφ’
1569 1437 1717 1468 ἑαυτῶν
1741 1434 1836 1465 tolero
1860 1444 1918 1464 nec
1941 1433 2005 1474 ἀφ’

220 1482 377 1518 ἑαυτῶν,
412 1482 494 1522 quod
520 1482 707 1523 Sylburgius
731 1482 929 1514 commendat
952 1483 1051 1523 probo
1076 1482 1129 1513 sed
1158 1481 1372 1523 reponendum
1406 1480 1528 1511 iudico:
1564 1479 1702 1515 αὐτοὺς
1725 1478 1764 1515 ἐξ
1786 1477 1940 1508 ἑαυτῶν.
1968 1494 2002 1498 -

221 1525 363 1556 Alterius
393 1525 545 1555 formulae
567 1525 682 1562 αὐτὸς
704 1525 770 1567 ἀφ’
792 1525 931 1556 ἑαυτοῦ
954 1535 1056 1566 pauca
1079 1524 1261 1566 impollutae
1283 1523 1356 1554 fidei
1380 1523 1410 1553 in
1435 1522 1560 1553 schedis
1583 1521 1684 1552 habeo
1708 1520 1774 1550 sive
1795 1530 1827 1549 re
1846 1529 1920 1549 vera
1933 1522 2006 1548 sunt

220 1568 346 1598 rarioris
379 1578 455 1598 usus
489 1568 555 1599 sive
579 1579 639 1609 ego
661 1569 766 1610 paullo
790 1568 952 1599 socordius
975 1567 1110 1608 agebam
1133 1568 1163 1597 in
1187 1567 1226 1597 iis
1249 1565 1454 1606 excerpendis
1483 1575 1661 1606 quanquam
1685 1573 1723 1593 ne
1747 1573 1784 1593 ea
1806 1561 1933 1602 quidem
1956 1560 2004 1590 in-

221 1616 307 1640 tacta
328 1617 519 1641 manserunt.
563 1611 644 1642 Plut.
671 1610 782 1652 Comp.
807 1610 901 1642 Thes.
926 1621 952 1641 c.
976 1610 1069 1641 Rom.
1093 1610 1113 1641 l.
1137 1612 1285 1651 φαίνεται
1307 1633 1331 1640 ..
1355 1608 1471 1645 αὐτὸς
1494 1608 1557 1650 ἀφ’
1580 1607 1721 1639 ἑαυτοῦ
1755 1605 1898 1645 μεγάλων
1932 1602 2005 1643 ὄρε-

220 1655 310 1692 χθεῐς
332 1653 489 1693 quomodo
505 1654 589 1694 apud
603 1653 808 1685 Sintenisium
832 1654 934 1685 locum
958 1664 996 1683 ex
1019 1652 1138 1694 Bryani
1161 1652 1342 1683 coniectura
1364 1662 1458 1692 quam
1480 1658 1590 1691 postea
1614 1660 1694 1680 unus
1718 1648 1786 1679 cod.
1804 1647 1905 1677 Paris.
1931 1656 2005 1677 con-

220 1694 358 1725 firmavit
379 1707 462 1726 nunc
485 1696 685 1727 emendatum
708 1696 820 1727 video:
846 1697 975 1737 vulgata
997 1702 1079 1726 erat:
1115 1695 1209 1732 αι”τός
1231 1695 1284 1736 ἐφ’
1306 1695 1428 1726 ἑαυτοῦ.
1475 1693 1520 1725 ld.
1544 1693 1634 1723 Rom.
1659 1693 1708 1723 27.
1742 1694 1795 1732 τῆς
1817 1690 1851 1721 δὲ
1873 1692 1926 1731 Υῆς
1948 1688 2003 1729 τὴν

220 1738 402 1780 δορίκτητον
435 1738 552 1776 αὐτὸς
586 1740 653 1781 ἀφ’
674 1739 817 1770 ἑαυτοῦ
841 1740 1023 1779 δασάμενος
1058 1745 1121 1775 τοῖς
1150 1739 1350 1779 στρατιώταις
1383 1737 1436 1768 ubi
1460 1737 1511 1777 ἐφ’
1534 1736 1648 1767 ἑαυτοῦ
1673 1733 1856 1764 mutandum
1881 1730 2004 1773 putavit

219 1780 397 1822 Pflugkius.
441 1781 489 1813 Id.
512 1781 586 1813 ibid.
615 1784 661 1814 15.
685 1782 740 1824 την
763 1783 889 1824 νύμφην
911 1782 1033 1823 αὐτὴν
1056 1781 1118 1823 ἀφ’
1141 1780 1258 1822 αὐτῆς
1285 1781 1327 1822 μὴ
1350 1780 1551 1821 ὑπερβαίνειν
1574 1779 1628 1809 τὸν
1651 1776 1748 1808 οῧδὸν
1770 1778 1812 1813 εἰς
1836 1776 1868 1806 τὸ
1893 1771 2004 1813 δωμοέβ

219 1835 296 1854 τιον.
340 1823 508 1855 Menandri
542 1832 571 1855 et
604 1824 797 1856 Philistionis
832 1831 963 1856 sentent.
995 1835 1024 1855 V.
1049 1825 1097 1855 28.
1123 1824 1206 1864 apud
1231 1822 1369 1855 Meinek.
1392 1823 1411 1854 l.
1436 1834 1459 1854 c.
1483 1822 1534 1853 lV.
1560 1821 1632 1853 336.
1667 1819 1684 1851 ὁ
1707 1820 1749 1860 μὴ
1771 1819 1942 1854 κολασθεὶς
1966 1818 2005 1857 ῑῷ

220 1867 308 1907 νόμῳ
330 1868 457 1907 πράξας
478 1870 580 1905 κακῶς
602 1867 718 1904 αι”τὸς
741 1867 801 1909 ἀφ’
823 1868 964 1899 ἑαυτοῦ
987 1870 1029 1908 τῷ
1052 1868 1138 1907 νόμῳ
1161 1867 1333 1904 κολάζεται.
1379 1865 1444 1896 Sed
1467 1865 1550 1906 apud
1567 1863 1701 1894 Aristid.
1720 1861 1777 1894 Or.
1791 1859 2009 1892 XXV1.518.

219 1908 318 1941 Diud.
354 1910 456 1941 ἐδόκει
486 1922 542 1950 μοι
571 1910 662 1948 οὗτος
695 1912 762 1951 ἢτοι
789 1911 866 1951 ἐμοῦ
890 1913 1080 1950 πυθομένου
1103 1912 1122 1951 ἢ
1143 1913 1195 1940 καὶ
1218 1909 1336 1946 αὔτὸς
1358 1908 1420 1950 (ἔφ’
1443 1908 1581 1939 ἑαυτοῦ
1604 1907 1781 1946 κινηθεὶς
1802 1905 1902 1934 εἰπεῖν
1924 1903 2005 1942 πρὸς

221 1951 275 1992 ἐμὲ
303 1954 404 1983 fateor
426 1964 476 1983 me
499 1953 572 1983 huic
595 1954 768 1994 scripturae
790 1953 932 1984 diffidere
956 1964 1049 1993 quam
1076 1952 1159 1983 subit
1181 1955 1323 1994 profecto
1345 1951 1450 1981 mirari
1475 1949 1634 1990 quomodo
1657 1946 1844 1978 Dindorfius
1868 1945 2002 1987 potuerit

221 1994 361 2027 tolerare.
407 1994 479 2026 Non
513 1996 596 2026 enim
629 2002 706 2037 puto
739 1996 938 2037 participium
972 1998 1111 2037 κινηθεὶς
1138 1995 1182 2025 ita
1205 1995 1325 2025 dictum
1352 2005 1422 2025 esse
1455 2000 1488 2024 ut
1523 1991 1605 2023 nude
1629 1997 1717 2021 extra
1740 1988 2004 2020 constructionem

947 2037 955 2047 (

222 2037 401 2079 appositum
426 2039 475 2070 sit.
521 2036 680 2077 Quocirca
713 2045 769 2069 aut
802 2039 917 2076 αὐτὸς
938 2051 956 2069 υ
965 2040 999 2080 φ’
1022 2039 1089 2069 {av
1099 2051 1113 2069 τ
1122 2050 1138 2069 ο
1148 2040 1165 2068 ὗ
1187 2051 1219 2068 κι
1229 2040 1364 2079 νηθεὶς
1378 2038 1414 2076 ¹⁴)
1449 2034 1649 2066 scribendum
1683 2030 1928 2064 existimaverim
1952 2037 2005 2060 aut

337 2141 382 2169 14)
401 2142 454 2167 Sua
471 2145 563 2174 sponte
581 2143 667 2168 elucet
685 2151 732 2175 pro
751 2143 900 2167 diversitate
919 2142 1061 2174 praedicati
1081 2142 1150 2174 quod
1169 2143 1196 2166 in
1214 2143 1354 2166 enunciato
1373 2143 1412 2165 est
1430 2139 1648 2172 praepositionem
1666 2139 1693 2162 in
1711 2137 1760 2161 hac
1777 2137 1888 2161 formula
1901 2136 2006 2161 variare

221 2184 306 2208 posse.
341 2177 407 2201 Utar
435 2177 468 2202 ad
493 2186 548 2202 tem
575 2178 803 2202 demonstrandam
830 2178 921 2209 paucis
949 2178 1076 2208 exemplis
1103 2185 1170 2208 quae
1197 2177 1249 2201 alio
1272 2177 1382 2200 fortasse
1406 2175 1452 2200 sed
1470 2174 1548 2199 simili
1566 2177 1655 2199 tamen
1673 2172 1748 2196 modo
1767 2175 1918 2203 comparata
1936 2173 2004 2196 sunt.

221 2211 329 2242 ΔῙῙῘῙῘΡῙΙ-
348 2210 392 2235 01⁴
410 2212 458 2236 ΠῙ-
477 2212 500 2236 4-
519 2213 544 2237 4·
564 2210 639 2240 (τῦῖὸς
658 2210 701 2244 ὑφ’
719 2211 813 2236 ἑαυτοῦ
831 2211 997 2243 διέφθαρται.
1034 2211 1158 2236 Dinarch.
1179 2211 1222 2236 Or.
1241 2212 1262 2235 Ι.
1282 2211 1324 2235 85.
1351 2208 1431 2234 αὐτὸν
1449 2207 1493 2241 ὑφ’
1512 2207 1604 2233 ἑαυτοῦ
1621 2206 1666 2232 καὶ
1689 2205 1740 2230 τῶν
1766 2204 1945 2240 ψηφισμάτων
1969 2201 2006 2244 ὦ]

222 2245 344 2279 ἔγραψεν
362 2244 502 2271 ἑαλωκότα.
537 2247 608 2272 Plut.
626 2247 700 2272 Rom.
718 2245 760 2272 ⁴27.
779 2245 859 2270 αὐτὸν
878 2244 921 2277 ὑφ’
939 2245 1032 2270 ἑαυτοῦ
1055 2243 1207 2278 φαρμάκοις
1223 2243 1383 2270 ἀποθανεῖν.
1420 2245 1530 2275 Dionys.
1548 2243 1609 2268 Hal.
1628 2242 1735 2273 Antiqq.
1754 2242 1828 2266 Rom.
1847 2243 1879 2267 X.
1898 2240 2002 2276 35·.⁰⁰‘

222 2280 273 2305 θὲν
301 2279 335 2304 ἂν
353 2278 384 2312 ἦν
403 2279 430 2304 τὸ
449 2279 568 2305 κωλῦσον
586 2278 666 2311 αὗῒὴν
685 2279 729 2313 ὑφ’
747 2278 823 2311 αὐτῆς
840 2279 1004 2305 ἀπολωλέναι
1023 2279 1069 2311 τὴν
1087 2279 1174 2304 πόλιν.
1210 2280 1260 2304 Dio
1279 2280 1412 2310 Chrysost.
1433 2279 1476 2303 Or.
1496 2277 1541 2302 XI.
1563 2278 1584 2303 l.
1609 2275 1788 2304 ἐξαπατῶνται
1807 2295 1813 2301 .
1825 2296 1849 2303 ..
1869 2274 1900 2302 οὐ
1917 2281 2005 2307 μονον

221 2323 253 2348 γε
282 2313 334 2339 ὑπὸ
362 2314 413 2338 τῶν
432 2316 518 2339 ἄλλων
537 2314 602 2339 ἀλλὰ
619 2315 665 2339 καὶ
683 2315 757 2340 αὐτοὶ
777 2314 819 2347 ὑφ’
839 2315 933 2340 αὑτῶν.
968 2315 1090 2347 Apollod.
1111 2315 1214 2346 Caryst.
1233 2315 1354 2339 Comicus
1373 2313 1442 2345 apud
1460 2312 1575 2337 Meinek.
1595 2312 1611 2336 l.
1631 2320 1652 2335 c.
1672 2312 1719 2336 IV.
1738 2309 1796 2335 442.
1816 2320 1841 2337 v.
1860 2311 1902 2336 10.
1927 2309 2007 2334 λεπο·

222 2350 320 2383 μένους
337 2348 403 2383 ὁρᾶν
421 2348 514 2377 αὐτοὺς
532 2348 576 2381 ὑφ’
595 2348 682 2374 αὑτῶν
700 2349 745 2374 καὶ
764 2351 975 2377 καταπίπτοντας
991 2348 1107 2382 νεκρούς.
