2318 2945
1094 241 1144 272 19

338 343 460 384 Nigrm.
484 354 508 375 o.
534 343 582 375 35.
618 344 676 382 ἐγώ
699 343 733 374 δὲ
758 347 832 380 τέως
853 346 911 383 μὲν
934 343 1048 384 ἢκουον
1072 343 1170 375 azizos*
1199 344 1345 386 τεθηπώς
1377 344 1418 385 μὴ
1453 345 1592 386 σιωπήσῃ
1619 348 1671 375 καὶ
1694 348 1901 388 φοβούμενος,
1948 349 2012 380 Vix

228 385 398 417 credideris
421 387 487 418 fieri
510 386 651 428 potuisse
675 392 707 416 ut
732 385 916 416 Dindorfius
940 385 1032 415 etiam
1056 385 1085 415 in
1111 386 1207 417 altera
1231 387 1365 417 editione
1389 386 1470 416 hunc
1494 397 1675 427 perversum
1699 389 1906 430 omnibusque
1929 398 2011 421 recte

231 428 392 470 cogitandi
426 429 549 471 legibus
581 435 809 470 repugnantem
838 428 1002 458 verborum
1027 428 1165 459 ordinem
1190 428 1220 459 in
1243 428 1338 459 fidem
1360 428 1521 469 reciperet.
1566 428 1642 459 Veri
1666 440 1746 470 quae
1769 433 1799 461 in
1822 433 2011 473 perturbatis

233 471 337 502 verbis
371 472 510 503 latebant
543 472 677 512 vestigia
711 482 770 512 ego
804 470 923 511 primus
947 470 1169 511 indagaveram
1193 470 1222 501 in
1254 469 1408 502 Observv.
1432 470 1566 504 Lucian.
1591 471 1609 503 l.
1633 483 1661 512 p.
1689 474 1736 504 1¹1,
1766 480 1795 503 et
1818 476 2011 506 conieceram

230 513 400 555 legendum
431 526 500 546 esse
523 514 571 544 vel
595 513 741 555 τεθηπώς
762 517 814 544 καὶ
834 512 877 554 μὴ
901 513 1039 555 σιωπήσῃ
1061 516 1283 555 πεφοβημένος
1306 514 1353 544 vel
1378 514 1523 556 τεθηπώς
1544 517 1597 545 καὶ
1618 518 1840 557 πεφοβημένος
1866 519 1907 558 μὴ
1937 528 2011 549 σιω-

227 558 319 598 πήση.
364 556 487 588 Harum
523 556 774 587 emendationum
810 555 937 585 alteram
968 566 1098 587 assensu
1130 566 1186 586 suo
1210 556 1426 597 comprobavit
1450 562 1478 587 et
1503 557 1532 587 in
1557 562 1737 587 contextum
1761 559 1890 589 immisit
1913 561 2011 592 Iulius

227 593 527 631 Sommerbrodtius.
553 618 590 622 ψ-
617 598 768 629 Similiter
796 596 961 626 Dindorfio
996 597 1116 628 crimini
1151 604 1237 628 verto
1273 598 1356 639 quod
1386 599 1477 629 etiam
1507 599 1537 629 in
1572 599 1668 630 altera
1698 599 1832 631 editione
1855 613 1910 642 pro
1935 603 2013 634 falsa

230 642 386 683 scriptura
409 653 435 675 e.
460 643 509 674 38.
533 647 628 673 ποῖον
651 640 692 671 αὖ
714 641 826 678 λέγεις,·
858 639 1077 680 propugnavit.
1124 638 1345 671 Coniecturam
1370 652 1470 672 meam
1496 653 1590 682 quam
1615 653 1764 674 successu
1788 642 1871 674 haud
1896 644 2011 686 impro-

231 695 323 726 spero
347 687 481 716 feceram
505 685 536 715 in
561 682 717 714 Observv.
743 681 876 712 Lucian.
903 682 919 712 l.
944 693 972 723 p.
1001 683 1048 714 12.
1082 688 1178 714 ποῖον
1200 686 1291 714 τοῦτο
1315 684 1426 721 λέγειςς
1454 695 1492 714 ex
1516 684 1651 716 editione
1675 684 1936 717 Sommerbrodtii
1960 687 2012 728 qui

229 727 377 768 vulgatae
402 727 522 759 lectioni
546 737 614 756 eam
637 724 783 761 praetulit
807 723 890 755 nullo
914 725 1039 765 negotio
1064 736 1254 766 cognoscere
1278 727 1389 767 potuit.

339 769 437 801 ludio.
454 768 611 800 Voc.1:.4.
636 767 720 798 ἀλλὰ
742 770 770 798 τί
795 767 873 806 λέγω
896 769 1011 804 ταῦτας
1036 767 1088 797 Ad
1112 767 1330 799 stabiliendam
1349 768 1559 799 coniecturam
1584 781 1684 800 meam
1710 782 1771 811 qua
1795 781 1864 801 cum
1889 771 2012 802 firmam

226 822 296 844 esse
331 812 361 842 in
391 811 449 842 hac
473 810 689 850 similibusque
720 810 861 840 formulis
886 821 922 840 ac
945 817 1127 851 perpetuam
1154 822 1252 852 paene
1276 811 1384 841 sedem
1408 812 1600 852 pronominis
1625 812 1863 844 demonstrativi
1887 821 2012 845 conten-

227 854 346 885 dissem
370 854 476 886 ordine
499 854 624 883 invesso
648 852 861 894 reponendum
886 863 954 883 esse
978 855 1100 885 monui:
1124 853 1223 884 ἀλλὰ
1245 857 1279 885 τί
1301 866 1344 884 vroc
1355 855 1429 893 1⁶¹1oe
1444 854 1556 893 λέγω;
1578 865 1680 895 pauca
1699 855 1851 887 duntaxat
1870 856 2013 898 exempla

230 897 340 928 afferre
368 902 507 937 poteram
531 896 560 925 in
587 893 743 926 Observv.
768 894 847 927 Luc.
872 895 890 926 l.
915 907 943 936 p.
972 897 1018 927 12.
1042 901 1071 926 et
1095 897 1132 927 11.
1158 908 1186 937 p.
1211 897 1262 928 28.
1308 895 1402 934 Quod
1427 896 1487 927 illis
1510 897 1703 938 temporibus
1738 900 1886 940 proposui
1921 911 2012 941 prae-

230 945 354 981 ceptum
389 938 480 969 hodie
514 948 639 978 quoque
668 937 802 969 defendo
826 938 957 978 aliisque
981 949 1060 978 quae
1082 949 1120 969 ex
1144 939 1338 970 diversorum
1364 939 1550 980 scriptorum
1575 951 1634 971 usu
1658 942 1802 982 congessi
1826 942 2013 973 testimoniis

227 981 401 1014 evidentius
420 980 553 1022 probare
578 991 684 1022 pergo.
734 980 772 1010 Et
798 980 931 1022 primum
956 979 1083 1021 quidem
1107 993 1220 1023 agmen
1245 982 1360 1013 ducant
1383 982 1624 1015 lociLucianei:
1649 983 1792 1014 Hermot.
1807 986 1855 1017 21.
1880 988 1931 1027 ἰῆς
1952 998 2013 1027 μη-

232 1025 304 1066 τρὸς
325 1025 472 1066 ἐρομένης
493 1026 526 1054 τί
547 1025 670 1054 ταῦτα
693 1024 839 1065 ληρεῖς,’
862 1023 965 1064 Epist.
991 1022 1115 1054 Saturn.
1140 1025 1190 1055 25.
1214 1027 1249 1055 τί
1271 1026 1390 1055 ταῦτα
1412 1025 1557 1067 ληρεΐς;
1582 1024 1685 1067 Ocyp.
1709 1038 1737 1059 v.
1762 1029 1812 1059 22.
1835 1031 1869 1058 vzi
1894 1030 2013 1059 ῑαῦτα

225 1068 404 1111 φλυαρῶ,·
441 1066 568 1107 Peregr.
595 1067 645 1098 2-1.
675 1069 800 1097 καίτοι
824 1069 857 1096 τί
878 1068 991 1097 τοῦτο
1015 1065 1190 1108 ἧρόμην;
1214 1067 1266 1097 ubi
1291 1066 1488 1098 Fritzsehius
1512 1072 1564 1099 mil
1586 1071 1614 1099 τί
1636 1071 1727 1100 τοῦτο
1752 1069 1887 1112 ἦρόμ.ην,·
1916 1071 2017 1101 dedit:

227 1112 359 1142 fortasse
387 1108 509 1139 iniuria.
556 1108 620 1139 Dio
645 1107 734 1140 Cass.
760 1108 857 1138 LXll.
882 1109 909 1139 3.
936 1111 1063 1139 καίτοι
1086 1111 1120 1139 τί
1142 1111 1254 1141 τοῦτο
1279 1111 1406 1147 affinem
1429 1111 1488 1141 Dio
1514 1109 1680 1151 Chrysost.
1707 1111 1764 1144 Or,
1789 1113 2016 1145 XXXVHNJ.

224 1154 353 1185 καίτοι
380 1154 414 1183 τί
436 1154 550 1183 τοῦτο
574 1152 697 1189 εἶπον,·
733 1151 916 1191 Sequuntur
938 1150 989 1180 alii
1015 1157 1125 1181 testes:
1163 1151 1289 1192 Dionys.
1316 1152 1420 1182 Halic.
1445 1153 1573 1193 Antiqq.
1597 1153 1688 1185 Rom.
1712 1153 1768 1186 IX.
1792 1156 1841 1186 47.
1877 1156 1961 1186 ἀλλὰ
1982 1159 2016 1186 τί

227 1193 348 1228 ταῦτά
383 1204 443 1226 σοι
476 1194 724 1235 διαλέγομαι,-
769 1193 900 1225 Aristid.
937 1193 993 1225 Or.
1025 1192 1199 1225 XXXVll.
1225 1195 1293 1225 702.
1331 1195 1413 1225 ἀλλὰ
1448 1198 1481 1226 τί
1510 1197 1628 1227 ταῦτα
1662 1196 2016 1239 ἀκριβολογοῦμαι,-

225 1238 308 1269 Tum
334 1237 465 1268 Aristid.
492 1236 546 1268 Or.
570 1236 689 1268 XLVI.
718 1238 785 1269 195.
809 1241 872 1267 καὶ
896 1239 927 1267 τί
949 1239 1068 1267 ταῦτα
1091 1236 1332 1278 ἀγωνίζομαι
1355 1238 1526 1279 σφόδρα,·
1551 1237 1613 1269 Dio
1640 1236 1731 1271 Cass.
1752 1239 1843 1273 XLI.
1862 1242 1912 1272 ⁶28.
1936 1241 2017 1282 πρὸς

225 1281 281 1313 οὖν
302 1282 336 1310 τί
358 1282 480 1310 ταῦτα
503 1280 616 1318 λέγω,·
649 1279 702 1310 ubi
726 1279 853 1310 voculas
877 1279 957 1320 πρὸς
980 1279 1037 1310 οὖν
1060 1279 1086 1309 si
1111 1279 1180 1320 quis
1209 1291 1337 1320 prorsus
1367 1280 1479 1320 expelli
1503 1280 1629 1311 iusserit
1645 1292 1702 1312 ,ωε
1726 1283 1851 1322 quidem
1877 1295 1935 1314 non
1960 1284 2016 1314 ad-

225 1322 399 1355 versarium
436 1323 572 1354 habebit.
617 1322 751 1353 Aristid.
777 1320 832 1354 Or.
856 1321 993 1353 XXIX.
1017 1323 1087 1353 564.
1123 1325 1156 1352 τί
1189 1324 1308 1353 ταῦτα
1340 1323 1544 1365 ληροῦμεν.
1591 1322 1701 1355 Galen.
1734 1330 1805 1367 περὶ
1828 1329 1933 1367 χρείας
1955 1329 2017 1357 τῶν

225 1368 346 1408 μορίων
370 1364 442 1396 Vlll.
467 1366 494 1397 3.
518 1365 555 1398 T.
578 1365 620 1398 lll.
646 1365 716 1397 6‘23.
740 1364 866 1396 Kuehn.
889 1367 917 1395 τί
940 1366 1053 1396 τοῦτο
1077 1365 1223 1403 λέγεις,·
1259 1365 1441 1396 Philostrati
1477 1372 1580 1396 tamen
1614 1366 1717 1397 locum
1749 1368 1801 1408 qui
1825 1376 1873 1399 est
1896 1369 1926 1399 iu
1951 1369 2016 1400 Vit.

227 1408 332 1450 Apoll.
357 1407 408 1439 lV.
437 1409 486 1439 21.
511 1420 571 1439 non
596 1408 773 1450 praeteribo
797 1407 850 1437 ubi
874 1407 984 1437 leviter
1006 1406 1084 1438 haec
1107 1409 1302 1438 consuetudo
1326 1409 1571 1439 transcenditur:
1596 1413 1647 1441 καὶ
1670 1413 1698 1440 τί
1720 1411 1798 1450 λέγω
1822 1414 1937 1450 meiat,-
1971 1412 2017 1442 At

226 1452 288 1483 noli
314 1450 458 1481 dubitare
483 1453 556 1491 quin
582 1451 725 1482 usitatior
748 1450 914 1481 verborum
939 1449 1014 1480 ordo
1038 1449 1249 1481 restituendus
1274 1451 1329 1481 sit:
1353 1454 1415 1482 καὶ
1437 1455 1471 1482 τί
1493 1454 1613 1483 ταῦτα
1636 1453 1749 1492 λέγοις

338 1493 462 1524 Timon.
490 1505 513 1525 c.
542 1495 587 1526 10.
622 1492 813 1535 ὑπερέσχε
834 1493 893 1534 γὰρ
917 1493 1024 1529 αὐτοῖς
1046 1493 1113 1534 τὴν
1135 1500 1246 1535 χεῖρα
1270 1495 1431 1536 Περικλῆς.
1479 1493 1569 1525 Cont.
1595 1493 1751 1528 Observv.
1777 1495 1855 1528 Luc.
1870 1496 1899 1528 ll.
1924 1508 1952 1537 p.
1966 1498 2015 1529 29.

228 1536 437 1568 Locutionem
473 1535 612 1567 Homero
647 1537 845 1578 potissimum
883 1538 1112 1576 frequentatam
1147 1543 1236 1578 χεῖρα
1270 1536 1432 1578 ὑπερέχειν
1465 1549 1520 1579 pro
1549 1549 1610 1578 quo
1634 1538 1685 1568 alii
1709 1539 1856 1569 dixerunt
1883 1547 2016 1582 χεῖρας

227 1581 404 1621 ὕπερθεν
428 1579 530 1620 ἔχειν
563 1579 663 1611 Anth.
689 1578 755 1610 Pal.
781 1577 829 1610 Vl.
857 1579 924 1610 155.
958 1589 1019 1608 non
1054 1590 1123 1609 raro
1157 1590 1268 1620 prosae
1298 1580 1467 1621 scriptores
1491 1580 1644 1611 inferioris
1673 1582 1784 1612 aetatis
1808 1589 2014 1623 usurparunt:

230 1622 360 1654 Aristid.
387 1620 444 1654 Or.
467 1621 545 1654 Xlll.
571 1623 640 1656 285.
675 1623 748 1659 0391&
782 1621 847 1653 δεῖν
881 1623 899 1664 ἢ
932 1623 1020 1653 θεῶν
1053 1634 1123 1653 τινα
1151 1628 1261 1665 χεῖρα
1295 1621 1503 1664 ὑπερέχειν
1526 1636 1544 1664 η
1566 1636 1592 1654 κ.
1616 1636 1641 1654 τ.
1665 1624 1692 1655 λ.
1740 1624 1795 1656 Or.
1820 1624 1912 1656 XIV.
1937 1626 2015 1662 3633

231 1664 352 1697 XLVI.
377 1665 453 1701 2543
480 1663 650 1696 Cantacuz.
674 1665 758 1696 Hist.
783 1664 823 1696 lll.
848 1665 876 1696 2.
906 1666 950 1697 17.
973 1671 1083 1704 χεῖρα
1107 1665 1267 1702 σώζουσαν
1292 1665 1471 1707 ι’·πὲρχειν
1494 1665 1649 1698 Themist.
1676 1665 1731 1699 Or.
1745 1667 1786 1699 Ill.
1806 1680 1835 1708 p.
1852 1668 1903 1699 48.
1919 1667 1960 1700 D.
1987 1675 2017 1699 et

234 1706 408 1739 Cantacuz.
433 1707 440 1737 l
476 1718 501 1739 c.
526 1707 579 1740 1V.
604 1710 651 1739 20.
679 1708 748 1739 146.
782 1707 949 1749 ὖπερέσχες
971 1714 1069 1749 χεῖρα.
1105 1707 1196 1739 Philo
1230 1709 1268 1738 de
1292 1709 1385 1748 legat.
1411 1709 1450 1739 ad
1475 1707 1589 1739 Caium
1620 1710 1642 1749 §.
1667 1711 1716 1742 31.
1742 1709 1778 1741 T.
1804 1710 1831 1742 ll.
1857 1711 1929 1743 578.
1965 1712 2017 1752 τὴν

231 1757 321 1792 χεῖρα
343 1752 405 1781 τῶν
434 1751 651 1791 ἀδικουμένων
673 1751 807 1792 ἆᾳανῶς
830 1750 1045 1791 ὑπερέχοντος.
1092 1749 1245 1782 Theodul.
1270 1751 1299 1781 in
1325 1751 1428 1782 Boiss.
1454 1751 1575 1783 Anecd.
1602 1751 1659 1783 Gr.
1683 1752 1712 1784 ll.
1737 1754 1808 1785 260.
1845 1755 1872 1784 εἰ
1893 1754 1934 1794 μὴ
1957 1754 2015 1793 γὰρ

231 1800 322 1835 χεῖρα
345 1795 401 1824 νῦν
423 1793 518 1830 mizos-
542 1793 718 1835 ὑπερέσχεν.
766 1791 856 1824 Conl.
875 1793 997 1825 Iaeobs.
1022 1793 1190 1825 Animadv.
1215 1793 1253 1823 ad
1279 1793 1406 1824 Anthol.
1432 1793 1450 1826 l.
1474 1795 1503 1825 2.
1533 1794 1606 1831 1883
1631 1795 1670 1826 lll.
1698 1798 1724 1828 1.
1750 1796 1820 1827 35-1.

341 1835 464 1867 Timon.
487 1838 576 1868 014.
601 1839 644 1874 εἷς
666 1837 699 1868 τὸ
724 1843 850 1878 σημεῖον
873 1840 925 1867 καὶ
947 1836 1001 1867 τὸν
1023 1836 1143 1877 μοχλὸν
1166 1836 1458 1878 ἀσκαρδαμυκτὶ
1480 1837 1712 1877 βλέποντας.
1759 1839 1865 1870 Verba
1886 1839 2014 1879 respicit

231 1876 467 1910 Grammaticus
491 1879 522 1909 in
545 1878 648 1911 Boiss.
672 1879 792 1911 Anecd.
819 1878 873 1910 Gr.
887 1879 905 1911 l.
920 1880 991 1912 406.
1017 1878 1108 1918 Quae
1132 1879 1170 1910 de
1194 1880 1329 1911 dictione
1353 1880 1404 1910 illa
1426 1879 1541 1922 protuli
1565 1881 1594 1910 in
1621 1880 1776 1914 Observv,
1802 1882 1881 1913 Luc.
1899 1885 1923 1913 1.
1942 1892 1971 1922 p.
1985 1883 2014 1913 2.

229 1921 269 1952 iis
292 1921 371 1952 adde
397 1919 509 1951 Galen.
534 1926 606 1962 περὶ
627 1925 733 1964 χρείας
755 1924 816 1953 τῶν
837 1925 957 1964 μορίων
979 1921 1024 1953 X.
1039 1926 1066 1954 3.
1091 1921 1127 1952 T.
1142 1921 1171 1954 ll.
1191 1924 1260 1955 777.
1285 1922 1414 1955 Kuehn.
1439 1925 1468 1954 εἴ
1489 1935 1532 1960 τις
1555 1924 1665 1956 ἐθέλοι
1687 1926 1742 1956 τὸν
1765 1926 1852 1967 ἥλιον
1875 1926 2015 1966 ἀσκαρ-

228 1964 392 2004 δαμυκτὶ
414 1965 655 1996 θεάσασθαι.
701 1964 816 1997 Liban.
840 1965 870 1995 in
895 1964 996 1996 Boiss.
1022 1964 1143 1996 Anecd.
1159 1963 1246 1997 Gr.l.
1275 1967 1342 1998 168.
1366 1965 1407 2003 ὥς
1428 1965 1499 2007 μηδ’
1521 1966 1714 2005 ἄιενίζειν
1738 1970 1853 2006 ἐξεῖναι
1875 1968 2017 2009 doxazo<

228 2006 405 2047 δαμυκτί.
452 2006 601 2038 Ceterum
638 2019 815 2049 quanquam
851 2007 889 2038 de
923 2007 992 2038 aliis
1027 2007 1057 2037 id
1088 2018 1188 2048 genus
1218 2019 1298 2049 quae
1322 2009 1350 2038 in
1375 2012 1399 2043 ᾗ
1425 2012 1494 2044 et?
1512 2017 1627 2040 exeunt
1649 2011 1808 2042 adverbiis
1831 2011 1911 2042 inter
1934 2011 2016 2041 viros

233 2048 342 2080 doctos
365 2049 402 2080 lis
426 2049 529 2081 adhuc
552 2057 609 2087 est,
635 2056 720 2081 tanta
744 2057 846 2080 tamen
871 2055 919 2081 est
943 2049 1132 2091 conspiratio
1156 2058 1250 2091 atque
1269 2052 1434 2082 concordia
1454 2052 1592 2083 omnium
1607 2054 1691 2095 apud
1706 2053 1852 2086 Dindorf.
1865 2055 1904 2086 ad
1918 2053 2016 2087 Arist.

233 2090 317 2132 qu.
341 2091 411 2124 292.
447 2093 722 2133 grammaticorum
757 2093 871 2134 quibus
900 2092 1055 2134 adiungas
1089 2092 1181 2123 velim
1213 2093 1342 2126 Bachm.
1367 2094 1489 2127 Anecd.
1515 2093 1572 2126 Gr.
1597 2097 1620 2128 Ι.
1648 2098 1716 2129 152.
1745 2097 1790 2129 13.
1814 2098 2017 2138 omniumque

234 2134 319 2175 apud
332 2133 510 2165 Lucianum
534 2136 677 2167 codicum
700 2136 900 2177 locorumque
924 2147 942 2165 a
965 2146 1014 2166 me
1037 2135 1200 2166 allatorum
1224 2136 1276 2178 qui
1299 2148 1393 2168 unam
1419 2139 1549 2168 sormam
1574 2139 1807 2181 ἀσκαρδαμυκτὶ
1830 2142 1962 2183 probant
1985 2150 2017 2172 ut

235 2177 485 2218 οἷσκαρὸαμυκτεῐ
518 2189 578 2209 non
612 2179 755 2210 videatur
789 2178 907 2210 dictum
943 2189 1020 2210 esse.
1068 2177 1226 2217 Quocirca
1248 2180 1365 2210 nullam
1389 2191 1535 2212 caussam
1559 2193 1628 2213 esse
1652 2183 1797 2215 existimo
1821 2195 1876 2215 cur
1898 2184 1927 2214 in
1953 2183 2018 2214 solo

232 2218 456 2261 Xenophontis
490 2219 565 2253 loco.
602 2222 655 2262 qui
690 2228 737 2252 est
764 2221 795 2252 in
821 2221 936 2264 Cyrop.
961 2222 984 2254 Ι.
1010 2222 1111 2253 128.
1147 2220 1241 2264 ὁρᾶν
1272 2223 1392 2261 ἐξέσται
1424 2226 1483 2256 κᾶν
1515 2226 1667 2266 βούληται
1701 2226 2018 2268 ἅσκαρδαμυκτεὶ

232 2264 334 2335 formla
358 2265 463 2293 fucata
486 2262 603 2294 diutius
627 2271 778 2297 servetur.
825 2264 921 2304 Quod
945 2276 984 2296 ex
1007 2264 1180 2306 potioribus
1202 2265 1290 2297 libris
1314 2265 1552 2299 Bornemannus
1576 2269 1684 2306 edidit,
1707 2270 1738 2300 id
1764 2270 1851 2301 scioli
1874 2270 2018 2303 umbram

233 2305 307 2336 redo
321 2317 371 2337 ere
395 2306 526 2337 videtur.

1752 2354 1786 2383 3*
