2193 2663
225 844 838 898 observationum
866 845 1405 898 [lucianearum
1433 845 1824 911 specimen
1850 847 1913 898 Ι.

171 1140 396 1209 Quanquam
434 1166 545 1190 nostra
579 1159 735 1188 memoria
770 1165 845 1187 ante
887 1157 970 1187 alios
1007 1157 1160 1188 struvius
1200 1157 1405 1188 Fritzschius
1441 1156 1641 1188 Iacobitzius
1675 1160 1796 1187 summi
1830 1157 1880 1187 illi
1914 1158 1977 1188 viri

172 1203 312 1233 studium
340 1201 423 1231 baud
449 1202 612 1232 mediocre
638 1202 676 1231 ad
702 1201 885 1230 Lucianum
916 1201 1152 1231 emendandum
1185 1207 1217 1230 et
1246 1200 1473 1230 illustrandum
1500 1199 1707 1230 contulerunt
1731 1200 1918 1239 aditumque
1941 1201 1977 1230 in

171 1246 241 1275 eius
266 1245 387 1282 scripta
413 1245 492 1274 adeo
516 1243 645 1274 facilem
671 1250 875 1282 aperuerunt,
900 1250 933 1272 ut
960 1242 1098 1273 lectores
1123 1250 1276 1281 tanquam
1301 1254 1357 1281 per
1380 1253 1534 1273 amoenos
1559 1243 1715 1282 quosdam
1740 1242 1850 1273 hortos
1864 1243 1976 1273 noxiis

170 1289 245 1317 istis
281 1286 518 1325 inutilibusque
555 1285 670 1326 quibus
706 1287 760 1315 diu
785 1293 860 1315 ante
886 1284 1009 1324 oppleti
1033 1286 1203 1316 iacuerant
1226 1285 1335 1315 herbis
1362 1293 1572 1326 pei-purgatos
1597 1284 1766 1315 ambulare
1795 1284 1976 1324 uberesque

169 1330 295 1360 fructus
325 1340 406 1368 quos
437 1328 614 1359 cultoribus
651 1329 719 1358 suis
755 1327 951 1366 pollicentur
986 1338 1055 1358 cum
1092 1339 1210 1369 magna
1245 1329 1406 1357 sermonis
1441 1327 1635 1366 simplicitas
1677 1335 1742 1357 tum
1773 1327 1976 1357 incredibilis

169 1372 415 1411 praecipuarum
442 1382 548 1401 rerum
573 1372 680 1410 copia,
706 1372 870 1409 percipere
895 1380 992 1408 posse
1017 1371 1205 1400 videantur:
1230 1371 1342 1411 negari
1373 1376 1481 1400 tamen
1508 1371 1619 1410 nequit
1641 1371 1674 1400 in
1700 1369 1837 1399 floribus
1862 1377 1893 1400 et
1917 1369 1972 1400 eli·

170 1415 285 1454 gendis
321 1421 353 1444 et
387 1414 536 1444 curandis
573 1413 731 1444 nonnulla
762 1414 936 1451 irrepsisse
972 1414 1086 1451 quibus
1111 1414 1164 1451 qui
1189 1423 1245 1443 eos
1271 1414 1379 1442 visunt
1403 1411 1500 1442 facile
1524 1419 1709 1453 pungantur
1733 1419 1764 1442 et
1788 1423 1806 1442 a
1830 1411 1977 1443 delecta-

170 1457 260 1486 tione
284 1457 565 1495 admirationeque
589 1456 800 1487 abducantur.
825 1455 891 1485 Iam
916 1466 993 1485 vero
1018 1455 1141 1494 aliquot
1167 1456 1263 1485 annis
1287 1461 1358 1493 post
1382 1465 1475 1494 quam
1499 1455 1634 1493 Lipsiae
1658 1455 1797 1485 Luciani
1823 1466 1919 1493 opera
1942 1456 1976 1485 in

170 1498 331 1537 publicam
357 1497 461 1528 lucem
489 1500 609 1528 emissa
634 1506 725 1529 erant
750 1509 826 1529 ecce
853 1498 971 1538 prodiit
998 1498 1133 1528 Parisiis
1159 1498 1303 1527 eiusdem
1328 1499 1498 1537 scriptoris
1523 1498 1623 1528 editio
1648 1498 1816 1538 recognita
1840 1497 1976 1527 etbrevi

171 1551 272 1580 eaque
308 1540 514 1571 circulatoria
550 1541 752 1579 praefatione
788 1547 964 1577 exornata,
1001 1540 1039 1570 de
1075 1551 1135 1579 qua
1166 1548 1324 1578 exputare
1355 1550 1416 1569 non
1454 1550 1550 1577 posse
1574 1541 1715 1580 ingenue
1741 1551 1790 1569 me
1816 1539 1976 1569 confiteor

171 1584 244 1622 quid
271 1583 488 1613 lacobitzium
527 1583 691 1621 impulerit
729 1590 761 1613 ut
792 1585 879 1613 iusto
903 1584 1051 1613 acerbius
1083 1591 1113 1612 et
1143 1582 1367 1612 vehementius
1402 1583 1575 1612 iudicaret.
1624 1583 1756 1612 Etenim
1792 1583 1976 1620 quicunque

171 1636 240 1655 eam
277 1625 526 1663 perlustraverit
561 1636 631 1655 cum
658 1625 797 1664 aliisque
826 1632 975 1656 accurate
1001 1627 1254 1664 comparaverit,
1290 1625 1429 1663 reperiet
1454 1635 1534 1665 sane
1560 1625 1716 1654 editorem
1743 1634 1976 1663 nonnunquam

170 1668 324 1699 i‘usau‘sris
356 1670 510 1706 auspiciis
536 1670 734 1707 provinciam
762 1668 1026 1706 administrasse,
1063 1669 1203 1706 reperiet
1230 1667 1320 1697 illum
1352 1677 1413 1696 non
1440 1677 1515 1697 raro
1540 1668 1586 1696 ita
1611 1668 1720 1707 egisse
1747 1674 1780 1696 ut
1804 1668 1836 1696 in
1863 1665 1974 1696 multis

171 1711 252 1740 locis
283 1711 333 1749 qui
359 1711 588 1740 emendatione
625 1721 688 1740 non
725 1711 909 1751 indigerent
943 1711 1104 1740 violenter
1133 1721 1168 1740 ac
1194 1710 1366 1739 temerarie
1391 1710 1507 1739 medici
1532 1710 1638 1739 instar
1662 1717 1789 1739 secaret
1813 1715 1846 1740 et
1868 1708 1976 1739 ureret

169 1753 278 1782 minus
303 1754 403 1782 anxie
428 1753 494 1783 alia
519 1754 673 1783 radicitus
699 1752 853 1782 evelleret
879 1752 943 1782 alia
968 1763 1031 1782 non
1057 1753 1198 1782 sortasse
1228 1752 1361 1782 meliora
1388 1753 1609 1792 ingeneraret.
1656 1751 1765 1783 Nihilo
1790 1759 1899 1781 tamen
1925 1761 1976 1781 se-

170 1795 237 1825 cius
274 1795 370 1825 huius
407 1797 469 1825 riri
505 1806 601 1834 opera
637 1803 789 1834 quantum
820 1795 970 1825 Luciano
1006 1795 1088 1825 lucis
1118 1802 1149 1824 et
1174 1793 1319 1824 medelae
1350 1794 1538 1824 redundarit
1563 1805 1712 1833 perquam
1738 1802 1789 1824 est
1814 1793 1910 1824 facile
1935 1794 1976 1823 ad

170 1837 459 1868 demonstrandum
491 1848 666 1876 vereorque
702 1838 922 1876 maximopere
954 1848 992 1867 ne
1029 1836 1225 1867 Iacobitzius
1260 1838 1433 1876 quominus
1458 1836 1578 1866 aemuli
1603 1836 1714 1866 laudes
1739 1844 1769 1866 et
1795 1838 1910 1866 merita
1933 1835 1975 1865 li-

169 1879 285 1910 benter
320 1888 516 1919 agnosceret
551 1891 688 1918 vereque
723 1881 909 1910 aestimaret
940 1879 1042 1909 livore
1075 1880 1210 1918 quodam
1243 1886 1273 1909 et
1299 1879 1535 1909 obtrectatione
1560 1880 1735 1917 impeditus
1771 1880 1823 1910 sit.
1870 1879 1975 1917 Atque

174 1932 233 1961 ego
267 1923 392 1961 quidem
431 1923 550 1953 abhinc
579 1924 835 1962 quinquennium
867 1923 934 1952 fere.
960 1922 1137 1961 discipulos
1161 1932 1251 1952 meos
1277 1923 1309 1951 in
1335 1922 1531 1952 facetissimi
1555 1920 1800 1951 Samosatensis
1825 1920 1975 1951 hortulos

173 1964 414 1995 introducturus
440 1976 509 1995 cum
534 1966 564 1995 id
590 1966 882 1995 animadverterem
908 1964 1091 1995 subsecivis
1116 1964 1316 2002 temporibus
1342 1963 1546 2005 spicilegium
1573 1966 1605 1994 in
1630 1965 1670 1994 iis
1696 1965 1804 1994 facere
1828 1962 1975 1993 ambula-

175 2006 282 2035 tiones
311 2008 413 2045 spinis
445 2008 549 2037 adhuc
583 2007 828 2038 luxuriantibus
860 2009 1006 2037 consitas
1031 2014 1122 2037 caute
1147 2007 1323 2037 emundare
1347 2007 1491 2046 locisque
1527 2008 1691 2037 eruncatis
1726 2017 1767 2036 ne
1791 2005 1913 2036 inculta
1938 2016 1975 2036 ac

175 2048 304 2078 deserta
339 2058 507 2080 manerent
537 2050 757 2088 probabiliora
782 2061 823 2080 ew(
849 2057 944 2091 gustu
969 2056 999 2079 et
1025 2049 1134 2080 indole
1158 2051 1327 2088 scriptoris
1352 2060 1533 2088 supponere
1560 2050 1725 2080 constitui.
1774 2049 1868 2085 Quod
1895 2059 1974 2087 quo—

174 2090 268 2120 modo
305 2090 540 2122 conficiendum
565 2096 745 2131 putaverim
782 2103 824 2123 ex
848 2094 888 2122 iis
914 2093 994 2131 ipsis
1020 2103 1100 2131 quae
1125 2093 1286 2130 disputavi
1311 2091 1410 2122 facile
1435 2103 1634 2133 cognoscere
1660 2092 1790 2130 poteris,

302 2141 426 2172 Verum
452 2142 529 2172 mihi
554 2149 734 2182 temperare
759 2154 821 2173 non
848 2154 929 2182 queo
955 2144 1029 2182 quin
1056 2143 1212 2173 rationem
1239 2150 1476 2182 praeposteram
1506 2145 1601 2173 istam
1627 2153 1665 2173 ac
1689 2153 1875 2181 perversam
1902 2142 1972 2172 bre—

174 2184 258 2212 viter
281 2185 456 2226 attingam,
481 2195 563 2223 quae
587 2188 739 2224 quoniam
770 2187 953 2216 criticorum
983 2186 1205 2225 editorumque
1234 2196 1312 2225 quos
1343 2193 1454 2216 nostra
1485 2193 1576 2216 aetas
1602 2184 1677 2215 tulit
1707 2187 1833 2215 animos
1859 2186 1973 2215 mirum

175 2231 329 2263 quantum
360 2235 533 2265 occupatos
568 2234 658 2257 tenet
692 2229 725 2258 in
757 2228 826 2258 dies
854 2228 993 2258 invaluit
1023 2236 1054 2258 et
1085 2229 1147 2258 iam
1173 2229 1304 2258 civitate
1329 2229 1419 2267 quasi
1443 2229 1562 2258 donata
1586 2235 1645 2258 est.
1693 2227 1804 2258 Placet
1829 2228 1914 2257 enim
1940 2227 1972 2256 in

173 2268 344 2311 tractanda
377 2276 447 2299 arte
480 2270 594 2300 'critica
629 2271 675 2300 ita
710 2272 847 2308 versari,
882 2278 916 2301 ut
951 2270 1090 2312 singulis
1115 2271 1256 2301 codicum
1284 2271 1527 2310 editionumque
1552 2271 1687 2301 familiis
1713 2272 1746 2300 in
1771 2269 1972 2309 probabilem

173 2310 333 2349 quendam
367 2310 511 2342 ordinem
546 2312 685 2342 redactis
721 2314 859 2352 optimos
895 2324 1037 2353 quosque
1071 2320 1105 2343 ut
1134 2314 1225 2344 aiunt
1254 2313 1356 2344 libros
1385 2321 1417 2343 et
1445 2315 1582 2353 scriptos
1607 2320 1638 2343 et
1662 2314 1765 2343 editos
1791 2311 1970 2351 appellent,

1700 2365 1712 2394 1
