2318 2945
1180 245 1228 276 1⁶2

314 348 433 390 Agam.
457 359 486 379 v.
510 347 581 379 805.
605 358 652 388 sq.
676 345 820 385 (Bothe.)
855 347 932 378 Stat.
957 345 1055 379 Theb.
1080 345 1149 377 Xll.
1173 346 1245 378 901.
1269 346 1407 387 loquitur
1435 346 1473 378 de
1497 348 1628 380 trinocte
1651 347 1819 380 Herculea.
1855 347 1945 381 Coni.
1968 348 2103 383 Taubm.

315 390 356 421 ad
379 389 483 422 Plaut.
507 389 627 432 Amph.
649 390 672 421 I.
699 391 725 421 1.
752 389 819 420 123.

429 432 584 464 Prometh.
608 432 626 464 l.
651 442 676 463 c.
700 432 729 462 3.
759 434 889 462 καίτοι
912 433 1010 473 φαίη
1031 444 1085 468 τις
1108 432 1148 462 ἄν
1170 432 1466 472 παραμυθούμενος
1488 457 1494 463 .
1519 457 1526 463 .
1551 430 1635 463 Cum
1658 436 1738 475 φαίη
1760 446 1804 470 τις
1825 433 1922 475 vulgo
1945 433 2102 475 legeretur

314 475 437 517 primus
462 473 608 506 Struvius
633 472 752 515 Opusc.
776 473 806 505 ll.
823 473 872 506 59.
898 474 980 503 viam
1003 474 1105 505 locum
1128 473 1333 515 depravatum
1358 475 1487 505 sanandi
1510 476 1660 517 patefecit
1683 475 1863 507 scribendo:
1888 479 1968 518 φαίη
1985 478 2026 508 ἄν
2042 490 2103 516 τις,-

316 518 452 548 confecit
473 528 539 548 rem
562 516 752 549 Iacobitzius
774 516 815 546 ad
838 515 920 547 Tim.
940 516 989 547 53.
1012 527 1083 547 cum
1108 516 1202 546 verba
1225 515 1256 546 in
1280 527 1351 547 eum
1374 517 1513 548 ordinem
1537 518 1691 559 redigeret
1715 529 1806 559 quem
1832 518 1965 549 editores
1989 530 2103 560 nuper-

316 559 388 590 rimi
423 559 521 591 secuti
557 566 638 591 sunt.
683 558 806 589 Eadem
841 569 939 600 paene
974 558 1178 599 dispositione
1207 569 1243 589 ac
1273 558 1352 589 serie
1375 560 1540 590 verborum
1565 560 1628 591 Dio
1653 558 1766 602 Chrys.
1791 559 1846 591 Or.
1871 560 2007 594 XXXI.
2035 564 2104 595 151.

313 605 442 634 καίτοι
476 605 571 644 φαίη
605 614 660 638 τις
682 601 748 632 ἄν.
782 600 914 632 Aristid.
939 599 996 633 Or.
1020 600 1130 632 XLV.
1156 602 1205 633 50.
1240 600 1337 633 Dind.
1372 605 1499 634 καίτοι
1527 607 1622 645 φαίη
1649 617 1705 640 τις
1738 604 1792 634 ἄν.
1827 602 1940 635 Liban.
1966 603 2026 645 Ep.
2054 606 2101 636 12.

314 647 443 677 καίτοι
476 647 570 687 φαίη
602 656 658 680 τις
685 644 741 675 ἄν.
777 641 887 684 Cyrill.
911 654 936 674 c.
961 643 1070 675 Iulian.
1093 643 1123 674 ll.
1149 655 1179 685 p.
1203 644 1253 676 55.
1278 643 1320 676 D.
1353 644 1403 676 83.
1428 644 1465 676 B.
1502 647 1570 677 174.
1594 648 1634 678 A.
1660 649 1832 684 καίτοιγε
1855 649 1950 688 φαίη
1972 659 2028 683 τις
2051 648 2102 678 ἄν.

316 685 491 718 CantacuZ.
516 686 600 718 Hist.
625 686 665 718 lll.
692 686 738 718 18.
765 688 823 718 115
847 692 877 716 et
900 686 950 718 41.
975 687 1046 719 250.
1081 689 1254 725 καίτοιγε
1288 689 1382 729 φαίη
1416 700 1471 724 τις
1503 689 1554 724 ἄν,
1589 689 1643 719 sed
1668 689 1751 730 apud
1777 686 1887 720 Galen.
1910 692 1982 730 περὶ
2005 689 2103 729 ἆριστ.

315 730 379 771 αἶρ.
406 731 452 762 19.
477 728 515 760 Τ.
539 729 556 760 l.
584 729 652 761 158.
676 728 745 759 coll.
769 739 792 759 c.
817 729 868 760 23.
895 730 962 760 171.
1000 729 1213 771 reponendum
1250 739 1319 759 esse
1354 740 1466 760 censeo
1499 734 1624 763 καίτοι
1647 734 1743 773 φαίη
1770 743 1824 768 τις
1847 732 1888 762 ἄν
1920 742 1976 772 pro
2004 735 2105 763 καίτοι

315 775 396 814 φαίη
419 773 459 802 ἄν
480 784 541 808 τις,
576 771 630 802 sed
659 771 841 813 pronomine
870 771 1033 802 indefinito
1056 771 1260 802 antecedente
1284 771 1361 801 dixit
1386 771 1558 805 Cantacuz.
1589 778 1610 806 Ι.
1635 785 1660 806 e.
1684 774 1723 804 lll.
1749 774 1797 806 24.
1826 773 1894 806 149.
1930 776 2103 814 καίτοιγε

315 817 391 851 πᾶς
412 827 467 851 τις
491 816 536 845 ἄν
559 816 664 856 φαίη.
710 812 777 844 Nec
800 814 889 844 aliter
911 814 942 844 in
965 814 1080 845 aoristo
1103 814 1187 855 apud
1211 813 1294 846 Plut.
1338 813 1410 845 Non
1434 826 1525 857 posse
1550 827 1636 848 suav,
1651 817 1751 848 viv.8.
1766 828 1793 858 p.
1811 816 1899 848 1091.
1914 815 1951 846 F.
1975 820 2103 848 καίτοι

315 859 449 899 φήσειέ
477 869 533 893 τις
565 858 611 887 ἄν
645 856 913 897 quemadmodum
946 856 1182 887 rescribendum
1216 864 1299 887 recte
1333 863 1423 899 putat
1451 857 1640 890 Theodorus
1664 859 1852 890 Doehnerus
1875 858 2049 890 Misnensis
2071 860 2103 890 in

315 899 446 938 Quaest.
471 898 553 930 Plut.
576 898 604 931 ll.
627 909 657 940 p.
686 900 732 930 11.
768 899 819 930 cui
854 899 976 930 etiamsi
1009 898 1040 929 in
1076 898 1135 930 hac
1168 899 1265 930 verba
1298 900 1408 931 melius
1437 900 1599 942 digerendi
1628 901 1748 932 ratione
1777 902 1908 932 libenter
1936 902 2101 940 assentiar,

313 941 458 972 assentiri
482 948 587 972 tamen
610 952 732 982 nequeo
756 941 781 972 si
806 952 877 972 cum
901 941 1092 973 Plutarchus
1115 942 1145 972 in
1170 942 1262 972 tertia
1284 943 1390 973 aoristi
1415 954 1548 984 persona
1571 951 1748 975 constanter
1771 951 1877 975 utatur
1900 946 2001 975 forma.
2023 956 2104 985 quae

315 984 430 1015 dicitur
462 985 558 1015 attica
589 985 688 1026 φήσαι
721 997 766 1021 τις
798 986 838 1015 ἄν
871 984 901 1014 in
930 986 1039 1026 φήσειέ
1060 998 1104 1022 τις
1126 986 1167 1016 ἄν
1189 985 1418 1016 immutandum
1443 997 1512 1016 esse
1536 986 1693 1018 contendit
1715 987 1746 1017 in
1770 987 1808 1017 iis
1832 987 1910 1017 locis
1933 998 2011 1028 quos
2034 988 2103 1029 ipse

314 1026 436 1065 attulit,
471 1027 501 1057 in
537 1026 652 1067 quibus
675 1027 820 1058 desidero
843 1026 926 1058 Plut.
951 1027 989 1057 de
1013 1027 1124 1060 defeat.
1148 1038 1230 1060 orac.
1255 1030 1303 1060 37.
1328 1039 1359 1068 p.
1382 1029 1452 1061 430.
1478 1030 1529 1066 A„
1554 1029 1592 1060 de
1616 1036 1714 1070 tranq,
1739 1030 1833 1061 anim.
1858 1029 1886 1060 9.
1912 1041 1939 1070 p.
1965 1030 2034 1062 469.
2055 1029 2103 1069 E„

313 1071 367 1100 An
392 1069 457 1100 seni
482 1070 521 1100 sit
553 1081 619 1111 ger.
642 1081 724 1111 resp.
753 1072 799 1102 10.
823 1081 852 1112 p.
877 1070 946 1102 789.
962 1069 998 1102 B.
1040 1069 1183 1111 Utraque
1207 1071 1338 1111 optativi
1360 1071 1459 1101 forma
1483 1072 1532 1102 vel
1555 1072 1638 1113 apud
1662 1073 1815 1113 optimum
1841 1083 1997 1112 quemque
2021 1073 2103 1103 anti-

313 1112 433 1153 quioris
457 1111 526 1143 aevi
549 1112 733 1153 scriptorem
757 1113 936 1153 promiscue
959 1112 1123 1145 invenitur.
1172 1112 1254 1143 Sunt
1277 1120 1380 1143 autem
1406 1114 1558 1154 quaedam
1583 1115 1729 1155 loquendi
1754 1115 1904 1145 formulae
1929 1126 2009 1154 quae
2033 1126 2105 1146 cum

314 1154 399 1196 apud
427 1166 535 1185 omnes
559 1166 671 1196 prosae
694 1155 842 1186 orationis
867 1155 1034 1196 scriptores
1056 1158 1236 1195 trequenter
1257 1156 1386 1186 redeant
1409 1164 1471 1186 tam
1497 1164 1613 1188 certam
1637 1157 1795 1198 fixamque
1817 1157 1982 1188 verborum
2008 1158 2105 1188 eollo-

315 1197 469 1228 cationem
505 1204 628 1228 servaat
662 1203 696 1228 ut
731 1198 868 1228 solennis
902 1209 938 1228 ac
965 1198 1106 1239 legitima
1132 1209 1204 1228 vere
1238 1198 1299 1228 dici
1323 1199 1432 1240 possit.
1477 1199 1512 1230 Id
1536 1208 1641 1230 autem
1665 1211 1734 1230 cum
1760 1201 1798 1230 de
1822 1200 1890 1230 aliis
1914 1200 2104 1231 dictionibus

314 1239 398 1271 valet
432 1240 470 1271 de
504 1240 619 1281 quibus
653 1240 713 1271 alio
741 1244 882 1281 tempore
906 1240 1008 1270 dicam
1034 1248 1096 1271 tum
1122 1240 1319 1281 potissimum
1344 1241 1383 1271 de
1407 1242 1542 1272 formula
1566 1245 1645 1284 φαίη
1669 1255 1712 1279 τις
1736 1243 1784 1273 ἄν.
1830 1242 1866 1272 In
1892 1242 2005 1273 talibus
2031 1254 2105 1273 con-

316 1282 481 1313 suetudine
505 1289 535 1313 et
558 1282 678 1313 ratione
702 1294 761 1313 non
786 1294 861 1314 casu
885 1294 978 1314 caeco
1004 1280 1144 1313 Graecos
1168 1283 1280 1313 ductos
1305 1294 1373 1314 esse
1396 1284 1557 1324 probabile
1581 1292 1635 1315 est.
1666 1287 1808 1325 Apparet
1833 1286 1913 1314 enim
1939 1285 2105 1316 formulam

316 1328 398 1367 φαίη
430 1338 475 1362 τις
498 1327 538 1356 ἄν
572 1326 786 1356 numerosiore
820 1325 956 1366 quodam
992 1336 1103 1366 gressu
1138 1325 1306 1366 procedere
1335 1332 1365 1356 et
1393 1326 1561 1356 iucundius
1589 1328 1773 1367 gratiusque
1798 1326 1856 1357 sub
1880 1338 1970 1357 aures
1995 1329 2105 1359 cadere

315 1379 409 1408 quam
445 1368 573 1398 alteram
609 1368 774 1399 {ormulam
806 1371 886 1410 φαίη
909 1369 950 1398 ἄν
971 1381 1027 1404 τις,
1061 1367 1091 1397 in
1123 1378 1185 1406 qua
1208 1367 1336 1408 insuper
1360 1368 1464 1398 hiatus
1488 1380 1579 1409 quem
1604 1370 1728 1400 vocales
1753 1378 1766 1406 ἦ
1788 1376 1817 1400 et
1840 1377 1857 1398 ῐι
1881 1369 2013 1407 faciunt,
2048 1371 2104 1401 ad-

317 1410 445 1440 modum
470 1410 609 1441 offendit.
655 1411 690 1441 In
715 1422 774 1441 usu
798 1410 891 1440 huius
927 1409 1077 1440 formulae
1112 1410 1329 1450 persequendo
1358 1421 1419 1451 quo
1443 1411 1565 1441 facilius
1589 1413 1693 1442 onmia
1717 1412 1815 1442 oculis
1839 1412 2013 1453 animisque
2036 1424 2107 1454 per-

313 1452 438 1483 lustrari
469 1452 590 1493 possint
613 1463 736 1482 omnem
760 1452 862 1483 locum
886 1452 916 1482 in
941 1452 1019 1482 duas
1044 1451 1160 1482 classes
1184 1452 1376 1489 describam,
1408 1464 1539 1493 quarum
1564 1454 1661 1485 altera
1685 1455 1791 1485 afferet
1816 1454 1958 1495 exempla
1982 1455 2011 1485 in
2038 1456 2106 1495 qui-

315 1495 373 1525 bus
409 1497 488 1536 φαίη
521 1507 565 1531 τις
599 1495 638 1525 ἄν
672 1494 799 1535 legitur,
834 1495 931 1525 altera
959 1495 1111 1535 producet
1135 1506 1171 1524 ea
1194 1494 1223 1525 in
1249 1495 1363 1535 quibus
1388 1496 1510 1537 singula
1536 1497 1685 1527 lormulae
1709 1497 1863 1528 vocabula.
1886 1498 1993 1527 sedem
2018 1509 2108 1528 suam

312 1543 437 1567 mutant
460 1546 489 1568 et
513 1549 575 1578 qua
597 1537 727 1567 ratione.
762 1539 812 1567 Ac
835 1538 969 1578 primum
995 1536 1120 1577 quidem
1145 1537 1296 1578 prodeant
1320 1538 1380 1568 loci
1403 1539 1432 1568 in
1457 1539 1572 1580 quihus
1595 1540 1729 1570 formula
1752 1543 1831 1582 φαίη
1854 1553 1898 1577 τις
1921 1542 1961 1570 ἄν
1984 1541 2106 1571 mediae

310 1579 444 1610 orationi
467 1580 651 1620 interposita
673 1579 736 1610 fixa
760 1586 789 1611 et
812 1580 980 1610 immobilis
1005 1586 1174 1620 comparet.
1216 1579 1348 1611 Lucian.
1374 1580 1478 1614 Prom.
1504 1581 1521 1613 l.
1548 1583 1583 1617 3;
1610 1581 1724 1620 Quom.
1750 1583 1821 1614 hist.
1847 1594 1966 1613 conscr.
1989 1585 2037 1614 sit.
2055 1584 2105 1616 33.

313 1626 365 1653 καὶ
378 1623 414 1664 δὴ
429 1623 460 1654 τὸ
476 1626 592 1663 χωρίον
605 1632 664 1659 σοι,
689 1626 785 1665 φαίη
809 1636 863 1659 τις
886 1624 942 1659 ἄν,
966 1623 1101 1664 ἀκριβῶς
1112 1623 1383 1665 ἀνακεκάθαρται.
1407 1623 1693 1660 Dem.Or.X111.8;
1711 1628 1758 1662 11;
1776 1624 2106 1667 PolbeXXIVss.

313 1673 367 1702 (ex
392 1665 496 1697 b'trab.
520 1666 550 1697 ll.
574 1677 599 1697 c.
626 1666 695 1696 105.
721 1666 761 1697 3.)
787 1665 866 1697 Plut.
895 1665 1057 1697 Demosth.
1082 1666 1109 1697 9Δ
1136 1666 1179 1697 Id.
1203 1666 1242 1696 de
1266 1666 1348 1698 adul.
1374 1674 1402 1697 et
1427 1668 1517 1698 amic.
1541 1668 1569 1699 3.
1596 1680 1624 1709 p.
1650 1670 1700 1701 50.
1725 1670 1776 1705 A„
1793 1668 1839 1699 'de
1865 1671 1933 1699 frat.
1958 1679 2054 1700 amor.
2079 1669 2107 1700 8.

311 1718 343 1748 p.
368 1708 436 1740 481.
462 1707 512 1745 F„
540 1709 586 1739 12.
610 1719 638 1749 p.
663 1711 724 1741 484
759 1708 797 1740 E.
823 1708 877 1739 sed
906 1710 951 1739 16.
975 1720 1003 1749 p.
1028 1708 1098 1739 486.
1122 1707 1172 1745 F„
1208 1709 1261 1739 ubi
1291 1710 1321 1739 in
1356 1709 1534 1750 parenthesi
1570 1714 1664 1753 φαίη
1700 1724 1752 1748 τις
1774 1713 1820 1742 ἄν
1842 1714 2003 1753 φρονῶν
2027 1711 2107 1741 male
2147 1705 2154 1712 ’

311 1750 429 1791 legitur
465 1751 664 1781 scribendum
689 1758 735 1781 est
760 1754 855 1793 φαίη
878 1764 931 1788 τις
954 1753 999 1782 (ἓν
1022 1750 1057 1782 εὖ
1080 1755 1238 1793 φρονῶν
1260 1753 1417 1792 quomodo
1441 1756 1470 1782 in
1495 1754 1641 1794 negativo
1666 1755 1830 1784 enunciato
1854 1754 1997 1784 similiter
2019 1754 2107 1784 locu-

313 1799 364 1824 tus
388 1798 436 1823 est
459 1792 585 1826 Phalar.
610 1793 670 1833 Ep.
696 1794 745 1825 98.
768 1805 796 1835 p.
821 1795 893 1827 288.
917 1793 1056 1835 Lennep.
1079 1793 1184 1831 οὖδεὶς
1207 1795 1247 1825 ἅν
1270 1794 1304 1826 εὖ
1327 1799 1458 1837 φρονῶν
1481 1798 1575 1827 εἴποι.
1600 1795 1682 1827 Plut.
1707 1797 1745 1827 de
1769 1807 1824 1827 esu
1849 1807 1930 1826 carn.
1956 1794 2012 1828 Or.
2032 1796 2060 1828 ll.
2078 1796 2106 1828 6.

312 1847 343 1877 p.
368 1836 439 1867 999.
465 1837 516 1873 A..
541 1837 611 1868 adv,
637 1835 736 1867 Colot.
765 1838 810 1868 11.
835 1848 864 1877 p.
892 1838 979 1869 1112.
1006 1836 1056 1874 C.,
1082 1837 1181 1869 Arist.
1207 1835 1262 1868 Or.
1286 1838 1316 1869 ll.
1341 1839 1389 1869 27.
1415 1837 1672 1875 XXXIV.65S;
1696 1839 1824 1871 XLVI.
1840 1841 1911 1875 '2153
1936 1839 2009 1874 381;
2033 1839 2105 1874 3913

313 1879 384 1910 407.
409 1877 542 1909 XLVH.
568 1879 640 1914 4333
666 1878 811 1909 Thenist.
839 1879 1026 1920 Paraphras.
1050 1880 1183 1910 Aristot.
1209 1879 1246 1911 T.
1271 1880 1289 1911 l.
1315 1881 1385 1912 3554.
1413 1884 1459 1912 10.
1486 1881 1604 1922 Speng.
1631 1881 1740 1923 Cyrill.
1765 1894 1790 1913 c.
1815 1882 1923 1913 Iulian.
1948 1882 1977 1912 ll.
1991 1882 2106 1918 62.A.‚

313 1921 431 1955 94.D.,
456 1921 508 1953 lV.
536 1922 602 1954 118.
618 1924 670 1958 A..
697 1921 735 1953 V.
756 1922 821 1953 156.
838 1920 885 1958 C;
914 1923 980 1953 158.
1009 1922 1049 1954 D.
1076 1920 1188 1953 Galen.
1213 1926 1283 1964 7159}
1308 1923 1408 1964 [Ξριστ.
1432 1924 1495 1965 aio.
1519 1926 1546 1957 9.
1573 1924 1609 1956 T.
1633 1925 1651 1956 l.
1683 1925 1754 1959 1553
1780 1924 1867 1956 Philo
1890 1925 1920 1954 in
1945 1923 2107 1955 Flaccum.

314 1968 340 2000 ἓ.
365 1964 392 1995 9.
419 1963 458 1994 T.
482 1964 511 1995 ll.
535 1966 605 1997 526.
630 1964 713 1995 ἄλλα
739 1967 765 1995 Τί
787 1967 894 2001 τοῦτος
919 1968 998 2007 φαίη
1022 1978 1065 2002 τις
1088 1966 1137 1995 ἄν.
1161 1964 1284 1995 Pariter
1309 1966 1338 1995 in
1363 1967 1478 1997 aoristo
1504 1969 1639 2009 φήσειέ
1662 1980 1716 2004 τις
1739 1969 1783 1998 ίίν
1807 1974 1929 2008 praeter
1947 1967 2106 1998 Plutarch.

313 2006 344 2036 in
357 2006 434 2037 locis
448 2017 542 2047 supra
557 2007 659 2037 citatis
674 2006 766 2038 Dem.
783 2006 839 2039 Or.
853 2007 947 2038 XXl.
965 2009 1034 2039 2¹22.
1059 2010 1175 2049 {Minya
1199 2020 1216 2039 ν
1226 2008 1240 2049 ἡ
1259 2011 1334 2039 Δία
1357 2022 1380 2051 φ
1392 2011 1493 2050 η’σειέ
1516 2023 1571 2046 τις
1594 2012 1639 2041 ι’ἰν
1662 2010 1744 2051 quod
1758 2011 1866 2041 eodem
1881 2010 1973 2040 modo
1989 2009 2107 2040 dictum

314 2055 362 2080 est
397 2060 458 2089 quo
489 2049 568 2079 dixit
593 2049 726 2090 Dionys.
752 2049 855 2081 Halic.
879 2052 955 2081 Ant.
980 2050 1071 2080 Rom.
1096 2050 1169 2082 Vlll.
1194 2052 1243 2083 30.
1278 2051 1296 2093 ηι
1319 2056 1502 2094 προαίρεσις
1525 2054 1565 2094 νη
1588 2056 1663 2083 Δία
1687 2056 1782 2094 φαίη
1808 2066 1858 2089 τις
1881 2055 1926 2083 ἄν
1950 2060 1979 2083 et
2003 2052 2033 2082 in
2058 2063 2108 2082 re-

316 2093 484 2133 sponsione
519 2092 708 2122 affirmativa
737 2094 780 2134 νη
803 2096 876 2124 Δία
900 2096 995 2134 φαίη
1018 2106 1072 2130 τις
1095 2094 1150 2124 ἄν.
1186 2094 1231 2125 Id.
1256 2094 1294 2123 de
1324 2106 1424 2136 comp.
1450 2096 1534 2126 verb.
1560 2096 1586 2127 6.
1611 2107 1641 2136 p.
1665 2097 1714 2127 82,
1748 2095 1873 2127 Schaef.
1899 2103 1927 2125 et
1952 2094 2107 2125 Themist.

313 2134 334 2167 l.
359 2145 384 2166 e.
409 2134 446 2166 T.
474 2135 491 2166 l.
520 2135 587 2166 194.
612 2137 659 2166 21.
696 2139 759 2166 ναὶ
782 2139 877 2177 φαίη
900 2148 954 2172 τις
978 2137 1034 2166 ἄν.
1080 2136 1223 2166 Eandem
1260 2139 1324 2168 sere
1358 2139 1563 2168 constantiam
1598 2138 1709 2168 retinet
1740 2138 1871 2169 formula
1897 2140 1977 2179 φαίη
1999 2151 2043 2175 τις
2065 2138 2106 2168 ἄν

314 2177 368 2208 ubi
402 2177 465 2207 vim
490 2177 581 2209 habet
604 2177 633 2208 in
659 2178 816 2209 enunciati
841 2179 1119 2209 constructionem:
1150 2178 1280 2210 Lucian.
1305 2179 1414 2212 Paras.
1440 2181 1488 2213 29.
1523 2180 1640 2221 ὁμοίως
1663 2181 1697 2212 δὲ
1720 2185 1768 2212 καὶ
1794 2185 1865 2221 περὶ
1892 2184 1940 2222 τῆς
1964 2180 2104 2212 ὑποστά-

315 2230 392 2256 σεως
421 2222 473 2261 τῆς
496 2220 656 2262 ῥητορικῆς
678 2223 778 2252 ταῦτα
802 2224 896 2263 φαίη
920 2234 973 2258 ’[ις
996 2223 1050 2252 (ἓν.
1098 2221 1190 2263 Apol.
1215 2223 1245 2254 4.
1279 2226 1351 2262 περὶ
1373 2223 1462 2254 πόδα
1484 2227 1590 2254 τοίνυν
1611 2228 1663 2254 καὶ
1687 2228 1734 2255 σοὶ
1761 2224 1812 2254 τὸν
1834 2224 2003 2254 Σάλαιθον
2026 2224 2106 2254 ἐκεῖ-

314 2274 372 2294 νον
405 2264 485 2293 εἶναι
515 2266 611 2305 φαίη
634 2276 692 2300 τις
715 2265 770 2295 ἄν.
796 2265 834 2294 de
858 2264 991 2295 calumn.
1015 2265 1043 2295 8.
1079 2265 1116 2295 οὔ
1139 2265 1219 2295 κατὰ
1242 2265 1275 2296 τὸ
1301 2266 1422 2297 δίκαιον
1447 2290 1454 2297 .
1480 2290 1485 2296 .
1511 2269 1607 2308 φαίη
1629 2279 1684 2303 τις
1707 2269 1749 2297 ἄν
1771 2270 1933 2305 γίγνεσθαι
1956 2267 2010 2303 τὰς
2033 2267 2106 2297 δια-

314 2306 422 2346 βολάς.
461 2305 579 2337 Herod.
604 2306 653 2338 lV.
678 2307 728 2342 973
766 2306 845 2338 Plat.
881 2306 919 2336 de
953 2318 1016 2348 rep.
1041 2306 1092 2337 lV.
1118 2307 1188 2338 436.
1213 2309 1240 2337 A
1257 2332 1265 2345 ,
1300 2308 1371 2340 439.
1399 2307 1448 2345 C.,
1484 2308 1587 2350 Legg.
1621 2309 1658 2340 V.
1685 2311 1753 2342 743.
1779 2312 1834 2346 A„
1862 2308 1933 2341 Vlll.
1958 2310 2029 2340 830.
2054 2310 2106 2343 Α.;

314 2348 420 2390 Epist.
443 2349 472 2381 4.
497 2349 569 2381 320.
594 2348 632 2382 B.
663 2352 822 2392 (ξυμφαίη
845 2362 888 2386 τις
908 2350 984 2390 ἰέν);
1019 2349 1115 2380 semel
1138 2356 1241 2381 tamen
1267 2354 1346 2392 φαίη
1370 2352 1411 2382 ἄν
1434 2364 1478 2388 τις
1512 2351 1550 2382 de
1574 2363 1638 2394 rep.
1663 2352 1702 2383 lll.
1728 2352 1798 2384 416.
1825 2350 1862 2383 C.
1886 2352 1939 2383 ubi
1964 2351 2104 2382 Platonis
