2318 2945
196 492 822 544 lunser-vationum
847 493 1402 544 {inmanem-um
1427 490 1823 556 specimen
1844 492 1971 543 lv.

302 669 418 724 Somn.
435 704 452 724 c
474 695 489 726 I
513 694 529 725 ὁ
553 694 587 724 δὲ
609 694 711 735 πατὴρ
735 693 896 724 ἐσκοπεῖτο
918 695 996 734 μετὰ
1018 697 1078 725 τῶν
1101 695 1204 736 φίλων
1227 695 1256 730 ὅ,
1279 706 1307 724 τι
1328 697 1380 724 καὶ
1403 692 1567 731 διδάξαιτό
1589 706 1636 733 με.
1671 691 1742 722 Non
1755 697 1831 733 puto
1851 702 1899 722 me
1911 702 1978 721 rem

198 737 238 768 ab
261 735 404 766 instituto
427 747 496 767 meo
519 741 611 776 atque
635 736 672 766 iis
696 737 851 776 ingratam
877 739 1030 767 facturum
1055 747 1135 773 csse,
1161 737 1212 776 qui
1237 736 1369 767 libenter
1385 735 1415 766 in
1440 736 1564 777 scriptis
1588 734 1721 766 Luciani
1744 733 1980 775 pervolutandis

198 784 372 816 versantur,
395 779 420 808 si
444 789 515 809 cum
538 778 576 808 iis
600 778 872 808 communicavero
897 778 975 809 haec
998 778 1093 809 verba
1111 791 1129 809 a
1143 777 1359 810 Grammatico
1383 778 1412 808 in
1429 776 1569 809 Crameri
1583 777 1704 809 Anecd.
1719 775 1777 808 Gr.
1791 776 1850 808 IV.
1864 777 1935 808 256.
1948 777 1978 808 5.

197 822 291 853 allata
314 831 394 857 esse,
419 821 472 851 sed
496 821 540 850 ita
561 824 597 850 ut
619 827 849 861 παρεσκοπεῖτο
873 831 929 861 pro
952 822 1113 853 ἐσκοπεῖτο
1137 822 1269 863 legatur.
1314 821 1396 851 Illud
1425 827 1530 851 autem
1554 821 1661 861 utique
1685 819 1896 850 damnandum
1920 826 1978 856 est,

195 863 279 906 quod
302 874 359 894 nec
381 862 515 894 Luciani
539 863 699 903 proprium
723 871 770 893 est
794 871 822 894 et
847 864 1017 894 sententiae
1041 875 1168 905 prorsus
1192 870 1358 905 repugnat.
1404 863 1524 894 Verum
1554 863 1648 892 etiam
1671 865 1724 903 qui
1746 867 1980 902 περιεσκοπεῒτο

195 908 227 938 in
261 905 328 937 eius
362 905 463 936 locum
494 905 684 935 substituere
708 905 816 944 vellet,
851 906 960 937 eadem
990 906 1106 937 chorda
1135 903 1301 939 oberraret.
1348 904 1430 936 Cum
1454 906 1536 936 enim
1560 913 1590 936 et
1613 911 1814 945 περισκοπεῖν
1836 911 1865 935 et
1889 917 1980 944 περι-

199 950 389 981 σκέπτεσθαι
411 947 493 977 dicat
517 947 698 986 Lueiauus,
730 957 895 989 utrumque
919 955 1022 980 tamen
1048 949 1177 980 verbum
1201 950 1245 979 ita
1272 956 1420 989 usurpat,
1455 956 1489 979 ut.
1511 959 1671 989 nunquam
1703 948 1729 977 si
1754 947 1831 977 bene
1854 947 1982 978 memini

200 991 351 1023 translata
374 989 603 1031 significatione
627 996 730 1032 ponat.
777 989 926 1022 Ceterum
952 992 1035 1031 quod
1058 991 1134 1023 Ver.
1158 992 1243 1023 Hist.
1267 991 1292 1024 I.
1317 993 1357 1023 32
1392 992 1536 1031 ἐβάδιζον
1559 991 1590 1027 ἐς
1611 991 1665 1031 τὴν
1691 991 1765 1031 ὕλην
1787 991 1981 1030 περισκοπή-

200 1036 322 1066 σασθαι
342 1033 380 1064 τὰ
401 1034 508 1063 πάντα
530 1034 722 1073 βουλόμενος
755 1033 956 1074 divulgarunt
980 1034 1137 1064 duumviri
1160 1035 1345 1065 auctoritate
1368 1035 1461 1064 trium
1485 1033 1628 1063 codicum
1653 1033 1750 1063 adiuti
1774 1044 1830 1073 pro
1853 1032 1982 1072 vulgato

199 1078 457 1117 περισκέψασθαι
480 1076 680 1106 festinantius
704 1075 808 1117 egisse
830 1076 990 1113 videntur,
1020 1087 1090 1106 cum
1116 1077 1253 1107 medium
1276 1075 1369 1106 huius
1393 1076 1480 1107 verbi
1503 1076 1587 1116 apud
1611 1075 1789 1105 Lucianum
1813 1074 1882 1104 aliis
1905 1075 1982 1104 locis

199 1125 350 1160 quantum
383 1118 530 1158 equidem
559 1118 725 1148 observavi
748 1129 808 1149 non
838 1124 997 1155 occurrat,
1022 1119 1060 1149 de
1083 1119 1198 1159 quibus
1222 1119 1384 1159 utriusque
1407 1119 1531 1159 generis
1555 1118 1677 1148 vicibus
1700 1127 1878 1158 quanquam
1902 1116 1983 1146 infra

200 1161 272 1202 dedi
294 1171 406 1201 pauca,
430 1160 521 1201 plura
543 1166 647 1191 tamen
670 1172 824 1202 exponam
847 1160 908 1190 alio
931 1167 1080 1202 tempore.

312 1201 421 1233 Somn.
445 1214 471 1233 c.
496 1204 524 1235 2.
560 1204 719 1234 δίδασκε
752 1204 995 1244 παραλαβών
1029 1205 1153 1234 λίθων
1187 1202 1351 1244 ἐργάτην
1385 1203 1538 1241 ἆγαθόν
1572 1204 1674 1233 εἶναι
1702 1205 1765 1232 καὶ
1788 1210 1981 1242 συναρμο-

198 1246 287 1287 στὴν
310 1248 373 1276 καὶ
396 1246 654 1287 ἑρμογλυφέα.
701 1246 827 1276 Priores
851 1246 1002 1284 editores,
1037 1247 1068 1276 in
1096 1247 1134 1277 iis
1158 1245 1344 1276 Dindorfius
1366 1245 1397 1275 in
1421 1245 1556 1276 editione
1579 1244 1724 1274 Parisiua
1746 1244 1777 1274 in
1801 1243 1849 1273 his
1873 1244 1984 1273 vitium

196 1300 258 1320 non
294 1288 454 1327 viderunt,
487 1288 543 1319 sed
576 1289 668 1319 hodie
697 1289 727 1319 in
752 1289 886 1319 editione
909 1288 1071 1329 Lipsiensi
1094 1289 1176 1319 idem
1200 1288 1380 1320 Dindorfius
1405 1288 1555 1318 correxit:
1592 1288 1866 1329 ἑρμογλυφεῖν,
1900 1284 1983 1326 quod

196 1330 416 1362 Lucianum
450 1331 684 1362 incredibile
718 1342 805 1362 esse
836 1332 879 1361 ait
902 1331 930 1361 in
957 1331 1106 1363 Adnotat.
1132 1332 1198 1363 crit.
1222 1342 1252 1372 p.
1274 1330 1355 1362 XII.
1389 1342 1408 1361 a
1436 1337 1542 1361 recta
1570 1336 1605 1361 et
1634 1330 1784 1360 usitata
1817 1329 1984 1359 nominis

201 1376 325 1419 forma
358 1374 608 1416 ἑρμογλύφος
642 1386 714 1415 qua
750 1374 857 1405 modo
890 1374 975 1415 ipse
1005 1385 1098 1405 usus
1122 1380 1241 1411 esset,
1277 1374 1322 1404 ad
1346 1372 1565 1403 inauditam
1588 1372 1694 1403 illam
1719 1371 1986 1413 ἑρμογλυφεύς

196 1417 242 1448 ab
260 1426 421 1448 errasse.
468 1417 500 1448 Si
523 1418 679 1458 corrigere
703 1417 801 1448 voluit
818 1425 944 1458 propter
960 1417 1209 1448 convenientiam
1227 1417 1473 1458 ἑρμογλύφων
1495 1426 1643 1456 reponere
1667 1415 1785 1445 debuit.
1832 1414 1893 1446 Sed
1917 1425 1987 1444 mu-

197 1458 328 1491 tationis
351 1459 435 1489 iusta
458 1470 571 1490 caussa
593 1471 653 1490 non
677 1466 734 1497 est,
759 1470 816 1490 nec
839 1459 979 1499 intelligo
1004 1470 1065 1500 quo
1091 1460 1157 1490 iure
1180 1460 1393 1501 ἑρμογλυᾳεὺς
1415 1461 1515 1490 forma
1537 1457 1671 1488 nominis
1698 1457 1840 1488 inaudita
1867 1462 1921 1487 aut
1954 1456 1987 1486 id

200 1502 287 1544 quod
321 1502 416 1532 etiam
450 1500 648 1533 Fritzschius
682 1502 826 1532 concedit
861 1502 994 1532 barbara
1027 1502 1164 1533 dicatur:
1201 1502 1284 1543 quod
1319 1501 1476 1542 quomodo
1510 1500 1726 1531 demonstrare
1759 1499 1879 1530 voluit?
1913 1509 1986 1530 cum

199 1550 365 1584 utramque
389 1546 521 1575 formam
547 1552 575 1575 et
600 1545 798 1587 ἑρμογλύφος
820 1551 850 1575 et
873 1545 1087 1586 ἑρμογλοᾳεὺς
1106 1543 1341 1586 Lexicographi
1365 1555 1403 1574 ex
1426 1543 1486 1574 hoc
1509 1543 1575 1574 solo
1588 1542 1723 1573 Luciani
1748 1542 1818 1573 loco
1842 1541 1985 1578 afferant,

202 1587 314 1626 alaque
338 1587 482 1628 exempla
505 1587 616 1619 desint.
662 1589 707 1618 At
730 1587 916 1619 Lobeckius
941 1588 980 1618 ad
1003 1588 1122 1629 Phryn.
1148 1588 1209 1620 315
1234 1598 1281 1627 sq.
1305 1586 1458 1628 praecipit
1488 1586 1614 1616 nomina
1637 1585 1775 1616 verbalia
1798 1585 1827 1615 in
1851 1588 1880 1623 «ῖς
1900 1591 1931 1615 et
1954 1584 1986 1614 in

198 1630 243 1665 ’ζυί
266 1630 412 1660 exeuntia
434 1630 487 1660 ubi
511 1631 599 1661 iuxta
628 1638 751 1661 exstent
785 1632 853 1671 pari
882 1630 1100 1661 auctoritatate
1134 1631 1190 1661 uti.
1237 1629 1312 1668 Qua
1344 1630 1383 1660 de
1418 1640 1530 1659 caussa
1566 1634 1649 1659 recte
1682 1628 1755 1659 fecit
1791 1626 1987 1658 Fritzschius

199 1672 295 1714 qus-od
318 1673 529 1714 ἑρμογλυφέα,
554 1684 648 1713 quam
671 1673 834 1704 lectionem
860 1672 1000 1704 Thomas
1023 1673 1180 1713 Magister
1197 1673 1253 1705 Le.
1272 1679 1304 1704 et
1315 1683 1422 1703 omnes
1435 1672 1504 1702 libri
1517 1670 1675 1708 exhibent,
1700 1671 1837 1701 servavit
1848 1680 1991 1701 omnem-

200 1727 262 1756 que
285 1715 472 1746 emendandi
495 1716 647 1747 rationem
670 1717 821 1746 acerrime
843 1716 959 1749 reiecit.
1007 1714 1099 1754 Quae
1118 1723 1291 1757 sequuntur
1303 1715 1399 1745 verba
1413 1713 1649 1746 Grammaticus
1665 1714 1695 1744 in
1711 1712 1852 1744 Crameri
1866 1711 1989 1742 Anecd.

201 1758 260 1791 Gr.
283 1758 353 1790 256.
382 1760 429 1791 16.
464 1757 549 1789 hunc
572 1759 602 1788 in
626 1760 754 1790 modum
785 1759 876 1789 citat:
912 1757 1009 1790 ὁπότε
1032 1759 1191 1801 ἀφεθείην
1217 1758 1281 1790 ὑπὸ
1305 1761 1367 1789 τῶν
1403 1758 1603 1789 διδασκάλων
1637 1756 1837 1787 ἀνέπλαττον
1870 1759 1989 1791 ἵππους

199 1803 280 1844 βόας
302 1801 338 1842 νὴ
360 1805 423 1833 Δία
444 1814 477 1841 γε
499 1806 552 1832 καὶ
575 1802 781 1842 ἀνθρώπους,
805 1812 842 1833 ea
864 1813 882 1832 a
906 1808 1054 1832 contextu
1079 1802 1132 1842 qui
1157 1801 1250 1832 hodie
1273 1808 1378 1832 exstat
1400 1801 1514 1831 mirum
1537 1806 1688 1841 quantum
1711 1798 1870 1829 recedunt.

321 1846 428 1876 b'omn.
453 1855 477 1876 c.
501 1847 519 1875 3
562 1852 632 1885 post
657 1845 752 1875 verba
775 1845 830 1881 οἷς
851 1846 1101 1886 προῃρούμην
1123 1844 1271 1875 nonnulla
1298 1844 1442 1875 interisse
1475 1848 1565 1883 putat
1587 1841 1787 1872 Fritzschius
1820 1840 1989 1872 lacunam-

201 1897 262 1928 que
286 1886 336 1917 ita
360 1887 546 1928 explendam
570 1887 703 1917 iudicat:
738 1890 855 1929 μικρῷ
890 1888 917 1918 δ’
940 1889 1097 1929 ὕστερον
1120 1887 1320 1929 ἀφόρητον
1342 1887 1382 1918 τὸ
1405 1888 1563 1927 πρᾶγμα
1588 1886 1770 1927 ἐφαίνετο
1795 1888 1857 1914 καὶ
1880 1881 1920 1915 τό
1943 1896 1980 1921 γε

204 1931 354 1971 πρῶτον
376 1943 403 1961 κ.
428 1943 451 1960 τ.
475 1930 502 1960 λ.
541 1929 632 1960 Haec
655 1929 838 1970 displicent:
864 1940 944 1969 quae
968 1931 1124 1970 quomodo
1148 1942 1178 1960 in
1202 1930 1374 1961 sententiae
1396 1930 1548 1960 rationem
1577 1935 1649 1969 apte
1672 1926 1859 1958 conveniant
1881 1933 1935 1957 aut
1958 1932 1993 1956 ut

202 1972 360 2014 prioribus
394 1974 538 2014 opposita
573 1976 634 2003 sint
663 1973 822 2003 meliorem
850 1972 889 2002 ad
913 1983 949 2002 ea
973 1983 1053 2012 quae
1077 1980 1251 2012 sequuntur
1272 1972 1388 2003 faciant
1411 1971 1592 2006 transitum,
1617 1971 1720 2000 minus
1744 1969 1918 2009 intelligere
1940 1979 1992 1999 me

203 2014 358 2046 confiteor.
404 2015 630 2055 Praeterquam
654 2016 735 2045 enim
761 2015 845 2055 quod
868 2014 996 2045 difficile
1019 2015 1189 2046 admodum
1214 2022 1260 2046 est
1284 2026 1321 2045 ac
1343 2015 1498 2046 lubricum
1523 2014 1589 2044 sine
1612 2013 1674 2044 ullo
1692 2012 1883 2043 adminiculo
1910 2022 1992 2052 quae

203 2057 274 2098 quis
297 2057 495 2099 cogitaverit,
520 2058 645 2099 explere
668 2069 705 2088 ac
727 2058 951 2098 redintegrare,
987 2058 1142 2088 sententia
1165 2057 1257 2089 huius
1281 2057 1342 2089 loci
1363 2058 1486 2098 integra
1509 2068 1545 2087 ac
1568 2056 1706 2097 perfecta
1729 2055 1863 2085 videtur.
1909 2054 1992 2085 Rem

203 2098 281 2130 mihi
304 2099 347 2130 ita
369 2111 517 2142 propono.
561 2100 724 2131 Lucianus
749 2101 830 2131 enim
856 2111 926 2131 cum
952 2101 1108 2131 avunculo
1132 2102 1378 2131 committeretur
1395 2102 1416 2141 ¹)
1441 2099 1537 2130 verba
1559 2099 1611 2129 illa
1629 2099 1666 2130 οὗ
1685 2098 1812 2140 σᾳόδρα
1830 2100 1873 2139 τῷ
1885 2098 1989 2138 πράν-

206 2155 281 2184 prm
304 2142 484 2183 ἀχθόμενος
511 2157 537 2175 κ.
562 2157 586 2174 τ.
610 2144 637 2174 λ.
662 2151 791 2184 paterna
814 2143 908 2174 domo
938 2144 1046 2174 relicta
1069 2154 1141 2174 cum
1164 2144 1203 2174 ad
1227 2143 1415 2174 avunculum
1441 2153 1474 2173 se
1497 2144 1667 2179 conferret,
1691 2141 1722 2171 in
1746 2140 1991 2181 cogitationibus

205 2184 328 2216 defixus
351 2185 469 2216 dixisse
491 2194 585 2226 atque
609 2197 716 2217 seeum
740 2193 903 2228 reputasse
938 2186 1166 2217 existimandus
1199 2192 1261 2226 est,
1295 2184 1561 2227 quemadmodum
1591 2190 1624 2215 ut
1646 2183 1802 2225 prioribus
1827 2181 1991 2223 discipulis

205 2227 378 2268 amicisque
401 2228 552 2270 gaudium
575 2230 794 2270 necopinatum
818 2236 941 2270 pararet
964 2236 993 2260 et
1017 2229 1123 2271 parvis
1146 2229 1306 2270 gratisque
1330 2229 1420 2259 donis
1444 2228 1629 2266 oblectaret,
1664 2232 1789 2267 tempus
1811 2226 1842 2256 in
1866 2225 1991 2267 exiguis

318 2332 343 2363 l)
363 2333 450 2365 Lego:
470 2330 655 2365 παρεδιδόμην
673 2333 744 2364 quod
762 2334 874 2357 correxit
892 2333 1109 2358 Hemsterhusius
1129 2341 1206 2365 quem
1223 2333 1383 2357 Fritzschius
1401 2334 1499 2357 secutis
1519 2338 1570 2362 est,
1589 2332 1670 2356 ceteri
1689 2339 1704 2356 e
1722 2330 1858 2356 codicibus
1878 2328 1990 2362 παρεδε-

205 2365 299 2400 δόμην.
335 2367 405 2391 Illud
423 2371 545 2399 praestat.
1729 2397 1762 2426 1*
