2193 2663
242 226 263 237 ‘⁶
1003 214 1225 268 —9-

337 315 448 348 Somn.
459 328 502 368 ⁰¹,
525 318 572 349 17.
608 314 686 348 οὐδὲ
719 315 781 357 γὰρ
804 314 962 357 Ξενοφῶν
991 327 1072 348 ποτε
1101 313 1313 358 διηγουμενος
1340 315 1378 348 τὸ
1402 315 1553 348 ἐνύπνιον
1577 312 1621 354 ὡς
1645 314 1752 348 ἐδόκει
1776 314 1865 359 αὐτῶ
1889 317 1943 349 καὶ
1966 317 1999 349 ἑν

207 358 249 399 τῇ
272 357 413 400 πατρῴᾳ
437 356 525 400 οἰκίᾳ
548 357 603 389 καὶ
625 358 664 389 τὰ
689 354 783 389 ἅλλα.
831 358 885 388 Sic
908 359 1005 399 vulgo
1029 358 1150 398 legitur
1180 359 1410 400 vulgatamque
1439 358 1635 389 Iacobitzius
1660 359 1816 390 setvavit.
1845 347 1926 390 Hic
1950 358 1999 390 lo-

209 409 266 431 cus
300 410 369 430 cum
405 401 449 430 sit
482 402 515 430 in
551 411 684 430 numero
719 410 826 430 eorum
864 401 915 439 qui
945 400 1103 438 deplorati
1128 400 1314 440 plerumque
1338 401 1401 431 dici
1427 401 1533 431 solent
1559 402 1665 431 varias
1690 408 1721 430 et
1745 401 1943 431 mutationes
1967 408 2000 431 et

209 442 455 472 emendationes
480 444 676 481 provocavit.
724 442 769 472 Ac
793 442 928 479 primum
954 443 1081 481 quidem
1107 443 1295 480 particulam
1326 442 1380 474 καὶ
1408 450 1481 482 post
1509 440 1598 484 αυτῷ
1621 444 1735 481 quippe
1760 444 1866 473 minus
1892 449 1999 480 aptam

209 482 463 514 Hemsterbusio
497 492 627 514 auctore
661 485 923 514 exterminarant
949 484 1160 514 Lebmannus
1196 493 1226 514 et
1261 486 1314 524 qui
1349 495 1422 515 eum
1457 491 1587 516 secutus
1619 491 1668 515 est
1693 486 1860 525 Augustus
1885 484 2000 525 Pauly,

209 526 411 563 postmodum
448 527 478 556 id
513 525 743 564 comprobante
777 526 873 556 etiam
900 526 1083 556 Fritzscbio
1108 525 1243 561 Quaest.
1271 528 1349 558 Luc.
1374 538 1402 565 p.
1430 526 1498 558 173.
1543 527 1585 558 At
1619 537 1696 556 vero
1730 538 1769 557 ea
1799 528 2001 557 correctione

210 577 280 597 cum
305 567 386 597 nibil
410 567 544 598 allatum
569 577 642 597 esse
667 567 831 597 videretur
857 567 1010 598 utilitatis
1035 568 1146 598 verbis
1171 580 1251 607 quae
1275 568 1365 599 facili
1392 568 1561 599 intellectu
1585 569 1739 599 destituta
1764 579 1839 599 esse
1863 575 1895 598 et
1924 579 2001 599 con-

209 616 258 639 tra
282 610 364 639 artis
387 609 478 650 leges
504 619 646 649 pugnare
670 617 818 647 apparet:
855 610 1018 659 Augustus
1044 610 1152 651 Pauly
1175 610 1239 641 loci
1264 610 1475 648 corruptelam
1501 612 1546 640 ita
1571 612 1654 641 tueri
1678 612 1801 641 studuit
1824 617 1858 641 ut
1882 610 2001 641 Lucia-

210 661 285 681 num
317 651 604 701 negligentiae
639 653 675 681 in
707 652 870 681 citando
901 653 1074 683 incusaret.
1118 652 1154 682 Id
1179 653 1287 683 credat
1313 652 1450 683 Iudaeus
1475 652 1604 691 Apella!
1652 652 1717 683 Alii
1743 653 1825 683 alias
1850 653 2003 704 medendci

209 694 281 723 vias
316 694 457 744 ingressi
491 699 577 722 sunt.
626 694 668 723 Et
692 692 921 723 Schmiederus
956 695 1083 733 quidem
1119 694 1324 725 scribendum
1361 695 1515 725 coniecit:
1550 693 1658 726 ἐδόκει
1682 692 1772 736 αὐτῶ
1799 694 1957 735 καιομένη
1982 691 2000 736 ἢ

210 732 348 776 πατρῴα
381 732 483 770 οἰκία,
520 735 576 764 sed
602 733 703 765 voluit
727 742 781 764 aut
804 735 914 765 debuit
939 744 1025 766 certe
1053 734 1226 771 καίεσθαι
1255 737 1336 776 quod
1362 747 1432 766 cum
1457 748 1476 766 a
1500 736 1650 777 vulgatae
1674 725 1827 767 lectionis
1850 737 2001 767 ductibus

211 787 274 806 non
310 778 354 806 ita
389 776 525 806 multum
563 778 743 807 discederet
782 777 935 807 lacobitzi
971 788 1140 808 assensum
1172 778 1246 808 tulit
1285 790 1303 808 a
1328 778 1456 808 Geistio
1487 780 1607 816 optimo
1642 780 1710 809 iure
1743 786 1905 817 receptum
1941 785 2000 812 est.

209 817 410 848 Matthiaeus
445 827 551 848 autem
588 818 694 850 locum
729 819 818 849 duxit
854 819 1078 859 retingendum
1105 822 1307 858 interpositis
1332 821 1439 850 verbis
1463 832 1480 850 e
1505 821 1658 859 Xenopb.
1686 820 1925 852 Anah.111.1.
1954 821 2002 852 ll.

208 861 319 899 petitis
354 860 421 892 his:
458 859 565 892 ἐδόκει
589 857 678 902 αῧτῷ
701 863 840 901 βρονιῆς
863 862 1035 902 γειομέιης
1058 862 1202 902 σκηπτὸς
1224 864 1336 893 πεσεῖν
1359 861 1392 893 ἑν
1415 875 1454 904 τη
1479 861 1618 904 πατρῴᾳ
1642 860 1747 912 οἰκίᾳ,
1783 862 2000 903 stribliginem

210 912 249 932 ea
283 913 318 932 re
342 903 490 932 Luciano
525 913 559 932 se
589 904 760 953 iniungere
784 902 914 932 oblitus.
965 904 1131 933 Parisinus
1156 905 1293 942 denique
1322 905 1426 934 editor
1450 893 1599 934 lacunam
1625 905 1671 934 sic
1695 894 1891 942 explendam
1916 904 2002 934 arbi—

209 950 313 974 tratus
338 952 402 974 est:
428 942 535 975 ἒδόκει
560 941 648 986 αὐτῶ
673 944 854 985 πυρκαϊὰ
879 942 1097 995 ἀναστῆναι
1121 944 1154 976 ἑν
1177 947 1216 985 ιΓ
1246 945 1388 994 πατρῴᾳ
1420 943 1521 988 οἰκίᾳ
1558 947 1661 976 fretus
1702 948 1818 986 opinor
1858 957 1896 976 eo
1931 947 2002 977 loco

210 986 263 1024 qui
287 992 336 1016 est
359 988 391 1016 in
417 987 506 1017 Tox.
520 998 545 1016 c.
558 987 613 1017 61:
622 986 815 1038 πυρκαιὰ
837 985 961 1025 μεγάλη
985 972 1241 1022 ἐξανίσταται
1266 999 1320 1018 και
1344 984 1451 1018 πάντα
1476 986 1698 1028 περιεκλείετο
1722 987 1776 1018 καὶ
1798 999 1960 1029 περιειχεν
1982 985 2002 1029 ἢ

210 1026 296 1069 φλὸξ
329 1025 563 1067 ἁπανταχόθεν
595 1027 651 1068 τὴν
686 1026 799 1058 οἰκίἀι.
848 1028 1041 1058 Emendatio
1067 1028 1313 1067 haudquaquam
1345 1031 1592 1060 contemnenda.
1637 1030 1706 1069 Ego
1730 1030 1857 1068 quidem
1882 1031 1946 1059 etsi
1969 1032 2004 1060 in

209 1069 365 1101 facillima
401 1082 438 1100 ac
475 1072 622 1109 speciosa
657 1071 828 1100 admodum
857 1071 1043 1100 coniectura
1068 1081 1086 1100 a
1111 1071 1240 1101 Geistio
1265 1076 1512 1109 repraesentata
1536 1073 1806 1111 acquiescendum
1832 1073 2002 1102 existimo:

209 1112 260 1142 his
284 1113 569 1143 emendationibus
599 1122 678 1151 quas
708 1113 854 1142 fecerunt
883 1114 942 1142 viri
974 1113 1091 1142 eruditi
1123 1113 1205 1142 banc
1231 1124 1332 1143 meam
1359 1113 1593 1152 qualiscunque
1617 1121 1668 1144 est
1691 1114 1834 1144 adiicere
1859 1124 1923 1144 non
1947 1114 2004 1143 du-

208 1154 286 1184 bito.
333 1154 488 1192 Suspicor
512 1156 597 1185 enim
622 1154 726 1184 locum
753 1154 810 1184 tali
836 1155 961 1184 ratione
986 1155 1229 1195 integrandum:
1264 1152 1372 1187 ἐδόκει
1407 1153 1495 1186 αὐτῶ
1529 1154 1710 1197 πρηστὴρ
1740 1154 1931 1194 ἐμπεσεῖν
1959 1156 2005 1197 τΓ]

209 1193 351 1238 πατρώᾳ
385 1194 484 1239 οἰκίᾳ.
530 1197 666 1227 Fontem
691 1197 930 1226 emendationis
965 1203 1040 1235 peto
1074 1196 1112 1226 ab
1148 1197 1260 1227 eodem
1292 1198 1515 1236 Xenophonte
1543 1199 1577 1228 in
1609 1199 1700 1228 cuius
1725 1180 2005 1231 Hell.111.l.1

208 1238 292 1269 haec
314 1229 482 1278 leguntur:
508 1235 526 1269 ὃ
551 1237 584 1270 ἕν
610 1237 749 1280 Φωκαίᾳ
772 1238 851 1276 νειὸς
874 1240 930 1279 τῆς
950 1235 1090 1291 Ἀθηνᾶς
1113 1237 1302 1290 ἐνεπρήσθη
1326 1241 1562 1293 πρηστῆρος
1584 1237 1831 1291 ἐμπεσόντος
1846 1241 1886 1278 ⁸).

340 1282 389 1311 Ad
415 1280 581 1312 Prometb.
607 1280 633 1310 I.
660 1292 688 1312 c.
711 1282 741 1311 6.
765 1278 801 1311 εί
820 1292 854 1320 γε
891 1280 906 1311 ὁ
930 1281 991 1319 μὲν
1014 1279 1102 1312 οἴκοι
1125 1278 1218 1312 καθ’
1243 1279 1399 1334 {avtov'
1410 1282 1474 1313 καὶ
1497 1282 1537 1324 νὴ
1561 1282 1634 1313 Διά
1657 1279 1688 1313 ἐν
1713 1284 1782 1319 τοῖς
1805 1278 2006 1333 περιπάτοις

208 1319 276 1362 μετ’
302 1319 420 1363 ὀλίγων
443 1323 500 1360 τὰς
523 1322 694 1364 ὁιαιριβὰς
716 1321 871 1354 ἐποιεῖτο,
898 1323 1010 1360 Inepte
1035 1323 1131 1364 vulgo
1156 1323 1339 1364 legebatur:
1364 1321 1474 1355 οἴκοι
1497 1323 1562 1355 καὶ
1585 1321 1677 1355 καθ’
1704 1322 1846 1356 ἑαυτὸν
1867 1322 1905 1365 νὴ
1929 1322 2030 1359 Δία.

210 1363 305 1395 Haec
338 1364 438 1395 verba
471 1376 527 1395 cur
551 1366 792 1414 transpone—uda
815 1366 979 1395 censue-iit
1004 1365 1215 1395 Lebmannus
1240 1366 1383 1403 proclive
1407 1373 1457 1396 est
1481 1365 1652 1396 intellectu
1675 1374 1823 1405 recteque
1845 1365 1932 1396 huuc
1955 1377 2006 1396 or-

210 1407 318 1437 dinem
354 1407 578 1445 praetulerunt
612 1408 831 1437 recentissimi
866 1408 1018 1439 editores.
1064 1408 1106 1438 At
1139 1408 1313 1438 formulam
1337 1421 1356 1447 η
1386 1407 1453 1439 καὶ
1481 1408 1522 1450 νὴ
1546 1406 1625 1439 Δία
1648 1425 1690 1430 —
1713 1409 1752 1438 de
1780 1419 1841 1447 qua
1864 1368 2033 1475 breviter}

210 1448 412 1480 Fritzscbius
439 1448 574 1485 Quaest.
598 1449 677 1480 Luc.
702 1461 730 1488 p.
758 1450 828 1480 155.
852 1457 883 1479 et
908 1449 1143 1480 Stallbaumius
1167 1452 1204 1480 ad
1234 1450 1318 1481 Plat.
1346 1451 1489 1490 Euthyd.
1514 1462 1541 1489 p.
1560 1452 1628 1482 160.
1655 1449 2018 1499 monuerunt—apud

210 1492 394 1521 Lucianum
419 1493 672 1522 usisatissimam
699 1502 735 1521 ac
760 1502 868 1542 paene
887 1493 1014 1522 unicam
1041 1503 1114 1522 esse
1137 1494 1189 1530 qui
1214 1493 1402 1531 attenderit,
1437 1494 1466 1522 is
1491 1503 1615 1523 mecum
1646 1494 1741 1523 credo
1775 1494 1808 1522 in
1833 1503 1904 1522 eam
1929 1501 2019 1522 sen-¹

212 1534 347 1564 tentiam
373 1535 564 1571 adducetur,
599 1541 634 1563 ut
657 1535 832 1564 interiecta
857 1530 877 1574 ἢ
901 1534 1058 1574 particula
1083 1534 1287 1564 smibendum
1314 1534 1505 1565 arbitretur.
1541 1533 1628 1566 σι’κοι
1652 1532 1733 1565 καθ’
1760 1532 1877 1566 ἑαυτὸν
1900 1546 1919 1576 7]
1944 1533 2007 1565 καὶ

210 1575 266 1628 νὴ
287 1575 365 1606 Δία
394 1575 428 1607 ἑν
451 1578 519 1613 τοῖς
536 1573 744 1626 περιπάτοις
767 1577 1035 1614 quemadmodum
1060 1576 1124 1617 Nig
1128 1578 1186 1607 rin,
1213 1588 1238 1607 c.
1262 1579 1290 1607 8.
1315 1574 1377 1618 ἤδη
1401 1576 1574 1626 τραγικοὺς
1592 1589 1615 1628 7]
1645 1576 1709 1608 καὶ
1737 1576 1778 1616 7ὴ
1802 1575 1879 1608 Δία
1902 1588 2006 1615 κωμι-

211 1616 288 1654 κοὺς
321 1615 467 1658 φαύλους
501 1616 651 1666 ἑωρακας
682 1615 876 1657 ὑποκριτάς.
922 1617 988 1648 Vit.
1014 1588 1124 1649 struet.g
1132 1631 1157 1650 c.
1183 1619 1211 1649 7.
1237 1619 1331 1650 δέδια
1355 1643 1363 1651 .
1386 1642 1393 1652 .
1418 1617 1494 1659 ,μή
1522 1631 1563 1658 με
1587 1616 1753 1671 ὕλακιι]ση
1776 1616 2007 1657 προςελθόντα

211 1671 230 1701 7]
266 1660 331 1691 καὶ
366 1659 408 1702 νὴ
443 1659 520 1691 Δία
556 1658 640 1701 ὁάκη
675 1671 720 1700 γε.
782 1661 832 1690 De
867 1671 963 1690 merc.
997 1661 1143 1693 conduct.
1179 1672 1204 1691 c.
1230 1663 1278 1692 l9.
1312 1660 1368 1700 τὴν
1397 1661 1523 1713 ψυχὴν
1542 1659 1600 1703 τὴν
1633 1660 1777 1699 ἐμαυτοῦ
1811 1674 1829 1700 7]
1866 1659 1932 1691 καὶ
1964 1659 2006 1700 νὴ

211 1700 290 1733 Δία
324 1703 389 1732 τῶν
423 1702 554 1734 παίδων
578 1715 647 1739 ...;
683 1701 830 1733 Hermot.
865 1713 889 1732 c
917 1703 968 1733 30.
1006 1714 1037 1734 οι
1071 1703 1107 1734 δὲ
1148 1701 1360 1743 περιστάιτες
1393 1701 1539 1744 ἐρωτῷέν
1571 1714 1613 1742 με
1647 1701 1669 1744 7’]
1700 1702 1765 1734 καὶ
1801 1714 1842 1744 νη
1876 1699 1938 1733 Δί’
1975 1701 2008 1739 ἔς

211 1742 422 1785 δικαστήριον
456 1741 632 1784 ἀγαγόντες
655 1755 682 1774 κ.
705 1756 731 1777 τ.
756 1745 784 1776 λ.
821 1745 980 1783 quomodo
1016 1745 1121 1775 locum
1158 1746 1334 1776 secundum
1365 1746 1512 1796 divffiersis
1542 1745 1697 1776 librorum
1728 1746 1903 1783 scripturas
1932 1755 2008 1775 con-

212 1787 303 1816 stitui
327 1787 468 1817 iusserat
492 1786 696 1817 Fritzschius
720 1786 742 1816 l.
767 1798 805 1818 ο.-
800 1787 949 1824 ,deinde
975 1798 1000 1818 c.
1024 1788 1072 1817 68.
1107 1783 1208 1838 α’κρῳ
1220 1789 1264 1829 τῶ
1285 1786 1437 1838 ῥακτὺλω
1467 1785 1625 1827 ἀγόμενος
1653 1784 1673 1827 ἢ
1695 1786 1758 1818 καὶ
1782 1785 1840 1838 νὴ
1849 1785 1925 1818 Δία
1949 1798 2008 1817 κα-

213 1826 307 1880 λάμῳ
341 1828 404 1859 τινὶ
427 1841 455 1860 κ.
480 1841 507 1860 τ.
532 1829 560 1860 λ.
585 1827 666 1859 Ibid.
693 1839 719 1859 c.
745 1830 795 1859 82.
831 1825 890 1858 οὐκ
924 1827 987 1859 οἴει
1020 1831 1136 1871 μακρῶ
1157 1828 1256 1870 χείρω
1280 1827 1318 1860 ι’ἰν
1342 1826 1441 1860 αυτὸν
1463 1828 1708 1881 ἒξεογάσασθαι
1729 1826 1753 1881 η’
1774 1828 1840 1860 καὶ
1864 1827 1905 1869 νὴ
1929 1827 2008 1860 Δία

213 1867 291 1907 ἴσως
314 1872 360 1911 τῷ
385 1869 493 1913 ὁηιιίω
518 1870 792 1911 παραδεδόσθαι;
828 1870 924 1901 Conf.
951 1870 1062 1912 Imagg
1042 1883 1071 1911 g.
1096 1883 1123 1902 c.
1149 1873 1200 1909 203
1224 1872 1263 1901 de
1288 1872 1394 1901 Luctu
1418 1883 1444 1903 c.
1470 1874 1517 1903 13.
1553 1868 1572 1913 ἡ
1596 1884 1702 1914 μηῑηρ
1726 1884 1744 1913 η
1775 1871 1840 1902 καὶ
1863 1871 1905 1910 νὴ
1929 1871 2007 1902 Διά

213 1909 232 1942 ὁ
267 1913 376 1954 πατήρ
410 1913 465 1943 ubi
500 1910 521 1953 ἢ
553 1915 772 1943 intermittere
808 1923 871 1943 non
908 1913 1067 1943 dubitavit
1097 1913 1296 1944 lacobitzius
1326 1915 1515 1951 praesertim
1541 1925 1610 1944 cum
1636 1925 1674 1944 ea
1698 1913 1856 1952 particula
1879 1914 1913 1943 in
1938 1913 2007 1943 cod.

214 1925 358 1986 vindob.
387 1956 456 1986 123.
488 1961 609 1986 exstet.
638 1954 722 1985 Ibid.
746 1967 772 1985 c.
801 1955 855 1991 18;
881 1955 974 1986 Rbet.
1002 1957 1115 1986 Praec.
1141 1968 1166 1986 c.
1193 1958 1248 1993 203
1273 1967 1298 1987 c.
1323 1957 1374 1987 23.
1401 1972 1438 1978 —-
1485 1956 1598 1995 Itaque
1622 1956 1754 1986 suborta
1778 1955 1857 1986 mibi
1882 1962 1932 1985 est
1955 1965 2008 1986 su-

215 1997 337 2035 spicio,
373 2005 535 2028 auctorem
566 1998 711 2036 quisquis
741 2005 791 2027 est
820 1998 889 2027 eius
914 1997 1036 2033 libelli,
1071 2000 1122 2036 qui
1152 1998 1342 2028 inscribitur
1368 2000 1503 2029 Amores
1528 2009 1552 2028 c
1578 2000 1627 2030 29.
1651 1996 1694 2035 ὥς
1717 1997 1749 2029 ἐν
1769 1995 1886 2048 Ἀρείῳ
1911 1995 2008 2039 πάγῳ

214 2037 292 2078 περὶ
326 2036 447 2089 φόνου
465 2039 517 2070 καὶ
553 2040 719 2090 πιιρκαὶᾶς
747 2036 768 2081 ἢ
796 2039 860 2070 καὶ
889 2052 931 2078 νη
955 2038 1033 2071 Δία
1056 2039 1234 2080 φαρμάκων
1256 2037 1494 2080 ἄγωιιζόμενος
1516 2037 1690 2082 ὑπερφυῶς
1713 2039 1906 2081 επαθήιατο
1931 2042 2010 2070 scri-

214 2082 322 2118 psisse
347 2092 402 2119 pro
426 2077 447 2122 ἢ
470 2081 512 2122 νὴ
536 2080 625 2112 Δία.
672 2081 739 2111 Nec
764 2082 897 2112 multum
923 2082 962 2111 ab
988 2082 1037 2112 his
1062 2084 1247 2121 discrepant
1273 2083 1334 2113 loci
1359 2085 1391 2112 in
1417 2083 1532 2121 quibus
1557 2085 1723 2113 sententia
1754 2084 1951 2113 disiunctiva
1975 2083 2008 2112 in

215 2132 292 2152 suas
321 2130 431 2161 partes
455 2124 499 2153 ita
524 2123 730 2154 distribuitur
754 2131 787 2154 ut
812 2124 1001 2174 particulam
1027 2137 1045 2166 7]
1070 2124 1169 2155 semel
1195 2124 1245 2154 vel
1271 2124 1321 2154 bis
1351 2125 1540 2155 collocatam
1567 2125 1706 2155 formula
1729 2121 1751 2166 ἢ
1773 2124 1836 2156 καὶ
1860 2136 1903 2166 νη
1927 2122 2007 2155 Δία

211 2164 369 2203 deinceps
395 2166 552 2203 excipiat:
577 2166 666 2196 Tox.
690 2177 716 2197 c.
742 2167 792 2198 35.
817 2164 852 2198 εί
869 2178 918 2204 τις
942 2162 1104 2209 α’προικον
1128 2166 1243 2209 ἔγημεν
1267 2164 1403 2210 αισχρὰν
1426 2170 1559 2208 γυναῖκα
1587 2164 1608 2209 ἢ
1631 2165 1664 2199 εἷ’
1682 2179 1731 2205 τις
1754 2164 1909 2210 ἀργύριον
1932 2165 2007 2200 ἕπε’-

317 2263 344 2297 8)
364 2267 393 2290 In
414 2271 570 2291 transcursu
591 2274 690 2292 moneo
710 2268 845 2292 somnium
865 2267 954 2293 simile
975 2268 1120 2293 dormienti
1141 2269 1285 2301 Thya-uidi
1307 2269 1395 2294 visum
1416 2270 1519 2295 narrari
1549 2272 1583 2296 ab
1604 2271 1714 2296 Heliod.
1734 2271 1755 2296 Ι.
1775 2279 1797 2296 c.
1817 2271 1856 2297 18.
1876 2270 1943 2296 κατὰ
1962 2270 2007 2303 τὴν

213 2298 336 2332 Μέμφιν
355 2297 402 2331 τὴν
421 2299 518 2325 ἑαυτοῦ
537 2298 619 2326 πόλιν
638 2298 684 2326 τὸν
702 2300 772 2327 νειὸν
791 2302 834 2333 τῆς
845 2298 944 2330 Ἴσιδος
962 2301 1146 2337 ἐπερχόμενος
1163 2303 1312 2336 λαμπαδίῳ
1331 2304 1397 2338 πυρὶ
1416 2303 1463 2329 τὸν
1482 2302 1545 2330 ὅλον
1563 2303 1651 2330 ἐδόκει
1672 2303 1899 2338 καταλάμπεσθαι
1919 2313 1941 2330 κ.
1953 2314 1972 2330 r.
1983 2307 2006 2331 1..

1733 2349 1752 2378 Ξ
