2318 2945
1182 246 1230 277 ¹S

2051 345 2063 354 v

311 349 369 379 ὅτι
392 372 421 379 ..
444 349 570 386 ἔδοξαν.
593 346 711 379 Piscat.
735 347 784 378 32.
811 348 829 378 5
851 347 891 378 δὲ
912 347 1083 388 μάλιστά
1104 359 1171 388 μοι
1193 347 1339 384 δεινόν,
1363 346 1388 377 ὦ
1390 348 1601 400 φιλοσοφία,
1623 349 1884 388 κατεφαίνετο
1906 347 2020 377 τοῦτο
2044 355 2097 387 ην·

311 390 350 422 οἱ
372 391 440 433 γὰρ
463 391 636 433 ἅνθρωποι
659 415 666 422 .
690 414 698 421 .
722 413 729 421 .
754 389 811 421 οὐκ
833 390 914 421 ἔστιν
938 389 1017 426 ὄςτις
1040 390 1078 421 οὐ
1102 390 1300 431 φιλοσοφίαν
1322 389 1420 431 αὐτὴν
1444 390 1559 434 ᾗτιατο.
1594 388 1739 420 Hermot.
1764 389 1813 421 73
1837 390 1856 420 ὃ
1878 389 1918 420 δὲ
1941 388 1984 430 δὴ
2009 387 2092 428 <dele

310 433 362 475 δὴ)
394 434 562 475 μάλιστά
595 443 633 464 σε
665 432 746 473 πρὸς
773 432 828 463 τὸν
850 432 952 473 ἔρωτα
974 432 1192 474 επηγοὲγετο
1215 435 1267 462 καὶ
1290 432 1360 469 τούς
1382 426 1499 469 ἄλλους
1521 432 1555 463 δὲ
1579 456 1586 463 .
1610 455 1617 462 .
1643 455 1650 462 .
1674 434 1786 463 τοῦτο
1810 431 1852 474 ἦν
1876 455 1882 463 ,
1907 455 1915 462 .
1939 455 1946 462 .
1970 432 2010 462 τὸ
2033 430 2089 462 τὸν

309 476 440 515 λέγοντα
463 476 582 508 εκεῖνον
603 478 676 516 περὶ
697 477 749 516 τῆς
770 475 977 514 γυναικὸς..
1001 475 1209 506 ακόλουθα
1232 475 1400 513 ἐπάγειν.
1444 474 1556 505 Altera
1586 473 1695 505 classis
1718 485 1771 504 eos
1794 473 1878 505 locos
1902 472 2088 521 complecti·

309 523 360 549 tur
392 519 422 548 in
446 519 564 568 quibus
584 517 765 566 pronomine
789 517 1036 548 demonstrativo
1061 524 1091 548 et
1113 517 1211 547 verbo
1236 516 1435 548 substantivo
1458 517 1574 548 omisso
1598 516 1810 554 enunciatum,
1845 515 1930 557 quod
1953 527 1972 546 a
1994 514 2092 557 parti-

309 560 380 591 cula
402 562 450 592 ὅτι
472 561 580 602 incipit
609 560 755 591 continuo
789 570 945 590 annexum
977 559 1144 591 invenitur.
1189 560 1321 591 Icarom.
1346 562 1374 592 5.
1408 561 1427 591 5
1449 560 1491 591 δὲ
1524 561 1688 591 πάντων
1722 559 1810 600 ἐμοὶ
1839 561 1934 598 γοῦν
1967 559 2098 590 ἐδόκει

309 603 590 643 χαλεπώτατον
612 604 669 634 ὅτι
689 602 788 654 μηδὲν
811 603 921 643 ἅτερος
942 604 1071 644 θατέρῳ
1094 603 1235 640 λέγοντες
1262 602 1448 634 ἀκόλουθον
1475 615 1501 633 κ.
1525 615 1550 633 τ.
1574 603 1602 633 λ.
1649 601 1733 632 Dial.
1757 600 1855 634 Mort.
1880 600 1920 633 V.
1951 604 1977 633 1.
2013 603 2032 633 5
2055 600 2097 631 δὲ

308 647 463 677 πάντων
495 647 577 677 ἐστὶ
598 646 851 686 μιαρώτατον
874 645 932 676 ὅτι
953 648 1007 676 καὶ
1028 646 1067 676 τὰ
1090 647 1221 676 τοιαῦτα
1243 644 1408 685 εὐχόμενοι
1430 646 1514 685 ὅμως
1535 646 1772 687 θεραπεύωσιν
1795 643 1848 675 ubi
1872 644 1935 675 ἐστὶ
1958 642 2066 683 quod
2057 653 2090 673 ιιι

308 687 359 718 his
392 688 532 740 forqulis
567 687 683 729 ubique
714 687 818 724 deest,
854 687 1041 718 eiiciendum
1067 698 1136 718 esse
1159 687 1300 718 arbitror.
1345 686 1441 719 Rhet.
1465 687 1575 720 Praec.
1599 687 1628 720 9.
1652 689 1670 719 ὃ
1694 688 1733 718 δὲ
1755 688 1914 718 πάντων
1937 685 2096 727 ανιαρό-

308 743 425 762 τατον
457 731 515 762 ὅτι
549 734 599 761 σοὶ
631 733 683 761 καὶ
710 730 766 762 τὸν
788 731 904 771 χρόνον
926 731 1102 771 πάμπολυν
1124 729 1308 772 ὑπογράψει
1330 731 1382 771 τῆς
1404 729 1599 771 ὁδοιπορίας.
1645 729 1754 760 Tertia
1776 729 1910 782 denique
1934 728 1966 759 id
1989 737 2092 771 genus

307 772 400 804 clasis
424 773 539 814 exigua
562 773 733 804 admodum
758 784 855 803 unum
878 778 1000 803 tantum
1025 773 1205 814 exemplum
1228 773 1428 803 continebit
1421 784 1452 803 ιιι
1475 784 1536 813 quo
1560 773 1652 804 etiam
1677 772 1830 821 particula
1853 773 1899 803 ὅτι
1923 780 2093 813 suppressa

308 822 369 847 est:
416 815 480 846 Vit.
505 816 600 846 Auct.
624 817 672 848 25
712 817 731 847 5
764 816 805 846 δὲ
836 818 1017 856 μέγιστον
1051 817 1088 857 ἢν
1118 816 1223 846 ἐθέλω
1251 816 1420 855 τάχιστα
1448 825 1485 846 σε
1508 815 1708 854 ἀποδείξω
1731 815 1838 846 λίθον.
1885 813 2038 855 Sequitur
2060 817 2096 843 ut

306 857 434 888 afferam
458 857 559 896 locos,
594 869 673 907 quos
697 858 962 889 demonstrativae
985 865 1115 889 naturae
1139 869 1209 889 esse
1232 857 1313 895 dixi,
1349 858 1402 899 qui
1435 868 1616 899 quanquam
1640 858 1737 889 multo
1758 856 1987 898 frequentiores
2010 860 2094 893 sunt,

305 911 463 940 nusquam
498 907 601 931 tamen
635 901 662 932 is
689 901 839 932 transitus
863 911 956 941 quem
980 900 1137 931 interdum
1159 901 1191 931 in
1214 900 1345 932 relativo
1367 900 1419 931 illo
1441 900 1586 931 dictionis
1610 911 1723 942 genere
1745 900 1848 931 locum
1872 906 1977 931 tenere
2000 908 2096 939 supra

309 942 432 973 ostendi
461 943 545 984 apud
568 943 747 974 Lucianum
771 943 942 984 reperitur.
987 942 1140 984 Necyom.
1163 943 1191 975 4
1225 947 1288 975 καὶ
1310 943 1351 976 τὸ
1385 944 1540 974 πάντων
1573 943 1829 975 ατοπώτατον
1859 943 1916 974 ὅτι
1938 945 2011 984 περὶ
2035 942 2098 973 τῶν

306 985 540 1017 εναντιωτάτων
561 989 689 1023 ἕκαστος
711 985 816 1018 αὐτῶν
837 987 935 1025 λέγων
957 999 983 1017 κ.
1007 999 1032 1017 τ.
1056 987 1084 1017 λ.
1131 985 1215 1018 Piso
1239 986 1291 1018 26.
1324 989 1389 1018 καὶ
1411 987 1451 1017 τὸ
1475 985 1636 1017 πάντων
1659 986 1891 1034 δεινότατον
1913 986 1971 1016 ὅτι
1992 986 2092 1015 ταῦτα

305 1029 411 1059 ποιῶν
431 1032 483 1059 καὶ
506 1027 569 1060 ὑπὸ
593 1030 628 1061 τὸ
652 1029 708 1061 σὸν
731 1030 847 1069 ὄνομα,
871 1028 897 1060 ὦ
910 1029 1099 1071 φιλοσοφία,
1123 1027 1309 1065 ὑποδύεται,
1333 1035 1363 1060 et
1382 1028 1566 1070 particula'
1547 1041 1594 1060 οτι
1606 1028 1739 1059 omissa:
1753 1028 1822 1060 Dial
1845 1027 1941 1059 Mort.
1954 1026 2052 1059 XIV.
2065 1025 2095 1058 4.

306 1074 369 1101 καὶ
402 1071 442 1102 τὸ
476 1073 633 1103 πάντων
667 1072 923 1111 γελοιότατον
950 1072 1091 1113 ἐμιμοῦ
1121 1072 1161 1102 τὰ
1194 1074 1256 1103 τῶν
1284 1075 1499 1113 νενικημένων.
1544 1071 1602 1102 Bis
1627 1075 1704 1103 Ace.
1727 1073 1755 1103 2.
1791 1074 1854 1102 καὶ
1875 1071 1916 1101 τὸ
1940 1071 2098 1101 πάντων

308 1113 624 1151 ἐπιπονωτατον,
658 1114 719 1157 ὑφ’
752 1117 819 1146 ἕνα
852 1115 963 1155 καιρὸν
995 1115 1029 1146 ἔν
1062 1127 1093 1145 τε
1120 1114 1278 1166 Ὀλυμπίᾳ
1299 1117 1334 1161 τῇ
1356 1115 1511 1156 ἑκατόμβη
1533 1120 1721 1167 παρεῖναι
1744 1117 1801 1152 (sc.
1822 1126 1862 1154 με
1885 1113 1946 1151 δεῖ)
1967 1126 1994 1144 κ.
2018 1125 2043 1143 τ.
2066 1111 2095 1142 λ.

307 1154 360 1186 De
385 1154 508 1188 Calum.
531 1158 581 1190 23.
615 1161 678 1189 καὶ
710 1158 751 1189 τὸ
785 1158 943 1188 πάντων
976 1159 1172 1189 οἴκτιστον
1204 1155 1220 1189 6
1243 1160 1314 1198 μὲν
1337 1157 1403 1188 οὐκ
1424 1157 1536 1194 εἰδώς
1568 1157 1608 1187 τὰ
1629 1159 1821 1207 γεγενημένα
1837 1158 2099 1206 προςέρχεται

308 1198 363 1229 sed
386 1197 417 1228 in
442 1198 560 1230 Concil
585 1201 676 1232 Deor.
702 1201 731 1233 5.
755 1199 956 1233 scribendum
980 1210 1107 1231 censeo:
1143 1204 1205 1231 καὶ
1238 1200 1278 1231 τὸ
1308 1201 1469 1231 πάντων
1490 1200 1760 1238 γελοιότατον,
1795 1198 1821 1230 ὦ
1843 1201 1945 1235 θεοί,
1968 1202 2021 1229 καὶ
2043 1197 2098 1229 τὸν

308 1252 387 1271 κῑνα
409 1245 461 1283 τῆς
479 1241 673 1291 Ηριγόνης..
698 1267 704 1274 .
729 1243 920 1284 ανήγαγεν
943 1253 998 1283 pro
1012 1253 1048 1273 eo
1063 1244 1145 1282 quod
1166 1242 1261 1283 vulgo
1280 1242 1397 1274 editur:
1422 1246 1473 1272 καὶ
1496 1244 1514 1273 5
1536 1243 1666 1273 πάντων
1687 1255 1713 1280 γ.
1738 1252 1797 1272 ιιοιι
1821 1241 1896 1282 quin
1919 1241 2097 1272 existimem

307 1282 351 1313 ita
374 1287 489 1325 pariter
512 1291 595 1316 recte
620 1285 681 1316 dici
705 1296 796 1326 posse
820 1285 875 1316 sed
899 1285 972 1338 quia
996 1296 1033 1315 ea
1055 1284 1202 1315 dictionis
1225 1285 1323 1315 forma
1348 1285 1387 1314 ab
1411 1295 1470 1315 usu
1494 1284 1628 1314 Luciani
1652 1283 1796 1314 abhorret
1821 1289 1916 1330 atque
1939 1285 1969 1313 in
1992 1282 2096 1314 libello

309 1325 362 1366 qui
386 1333 434 1357 est
457 1327 495 1358 de
519 1327 584 1369 Dip
588 1328 716 1358 sadibus
739 1328 768 1359 4'.
803 1340 854 1358 και
876 1328 911 1359 τὸ
939 1327 1217 1368 παραδοξότατον,
1252 1328 1376 1368 ὅσῳπερ
1400 1328 1441 1357 ἄν
1463 1330 1593 1363 πίνωσι,
1627 1327 1764 1366 τοσούτῳ
1786 1326 1910 1366 μᾶλλον
1932 1326 2095 1367 ὀρέγονται

309 1370 364 1399 τοῦ
386 1372 484 1401 ποτοῦ
516 1340 600 1401 haud
631 1370 696 1401 scio
719 1381 758 1400 an
782 1370 820 1400 ad
845 1369 1013 1400 dictionem
1037 1368 1232 1400 Lucianeam
1256 1369 1526 1400 accommodatius
1550 1369 1606 1399 sit.
1640 1372 1703 1399 καὶ
1725 1368 1765 1399 τὸ
1788 1370 1950 1398 πάντων
1971 1380 2100 1407 παρα-

308 1410 537 1449 δοξότατον.
596 1412 634 1442 Ιιι
657 1414 726 1444 Vot.
750 1413 800 1444 44.
835 1416 899 1444 καὶ
932 1413 972 1443 τὸ
1006 1413 1164 1443 πάντων
1192 1412 1351 1453 ἣδιστον
1381 1412 1614 1459 αὐθημερὸν
1647 1411 1823 1450 ἀγγεῖλαι
1857 1410 1892 1447 ἒς
1914 1411 2097 1449 Βαβυλῶνα

306 1455 352 1490 τίς
374 1455 511 1496 ἐνίκησεν
527 1455 624 1495 Ὀλυμ
624 1467 688 1486 πια
721 1466 739 1485 a
768 1466 842 1486 vero
864 1454 974 1485 leviter
997 1460 1049 1485 aut
1074 1455 1201 1485 omnino
1225 1465 1285 1484 non
1310 1454 1404 1484 abero
1435 1465 1461 1484 si
1496 1454 1667 1495 scripsero:
1702 1454 1742 1485 τὸ
1774 1453 2004 1506 αὐθημερὸν
2037 1465 2101 1491 αγ-

308 1497 433 1535 γεῖλαι
467 1505 501 1528 ut
524 1506 572 1528 est
594 1497 679 1538 apud
702 1497 784 1529 Plat.
808 1497 934 1529 Menex.
959 1507 988 1537 p.
1013 1497 1083 1530 244.
1107 1498 1144 1528 D.
1179 1500 1243 1528 καὶ
1267 1497 1307 1528 τό
1331 1509 1370 1536 γε
1393 1498 1611 1528 θειότατον
1633 1498 1793 1527 πάντων
1816 1496 1855 1527 τὸ
1884 1500 1945 1526 καὶ
1969 1496 2102 1536 βασιλέα

308 1539 352 1575 εἷς
373 1542 463 1571 τοῦτο
487 1539 631 1594 ἀπορίας
649 1540 878 1582 ἅφικεσθαι.
922 1538 1081 1570 Etenim*
1074 1551 1104 1570 ln
1130 1539 1258 1570 Saturn.
1282 1539 1332 1571 24.
1363 1541 1382 1571 5
1404 1539 1444 1571 δὲ
1467 1540 1511 1581 δὴ
1534 1539 1617 1574 (dele
1641 1539 1693 1581 δη)
1716 1539 1868 1580 μάλιστ’
1890 1539 1937 1569 ἄν
1960 1537 2103 1574 αὐτοὺς

310 1580 507 1619 ἆνιάσειε,
530 1584 569 1614 τὸ
592 1587 651 1624 μεῖν
672 1585 800 1625 χρυσίον
822 1595 984 1624 μιρμηκας
1006 1594 1171 1619 τινας..
1196 1582 1229 1613 ἐκ
1252 1585 1313 1613 τῶν
1335 1585 1508 1631 θησαυρῶν
1532 1583 1724 1623 ἒμφέρειν
1748 1583 1864 1622 νύκτωρ
1888 1582 1919 1618 ἒς
1942 1582 1976 1613 τὸ
1999 1582 2020 1613 6
2020 1581 2100 1623 ημό-

310 1632 379 1655 σιον
407 1636 462 1656 cur
484 1626 635 1657 articulus
658 1627 775 1656 vitatus
800 1627 839 1656 sit
864 1637 920 1656 sua
943 1631 1054 1666 sponte
1076 1626 1106 1657 in
1131 1606 1239 1656 ‹iculos
1262 1625 1401 1657 incurrit.
1448 1625 1522 1656 Pari
1546 1625 1665 1655 latione
1689 1624 1771 1656 Dial.
1795 1625 1888 1656 Deor.
1913 1594 2048 1655 XXIV.
2075 1625 2101 1655 1.

309 1667 350 1698 τὸ
385 1668 423 1699 δὲ
457 1669 614 1700 πάντων
647 1669 878 1700 δεινότατον
901 1669 961 1700 ὅτι
983 1668 1061 1710 μηδὲ
1086 1668 1194 1706 νυκτὸς
1215 1668 1376 1699 καθείδω.
1422 1667 1546 1699 Icaron]
1580 1669 1630 1700 30.
1668 1668 1708 1699 τὰ
1732 1668 1772 1699 δὲ
1794 1668 1950 1698 πάντων
1974 1666 2102 1698 δεινό-

309 1722 427 1742 τατον
462 1712 517 1742 ὅτι
549 1712 647 1753 μηδὲν
680 1711 769 1743 αὐτοι
793 1736 800 1742 .
824 1736 831 1743 .
856 1711 1070 1748 ἐπιτελοῦντες
1092 1724 1118 1742 κ.
1143 1724 1168 1742 τ.
1191 1712 1219 1742 λ.
1265 1710 1384 1743 Piscat
1408 1711 1458 1743 35.
1493 1711 1533 1742 τὸ
1571 1711 1609 1741 δὲ
1637 1712 1795 1742 πάντων
1818 1712 2024 1749 αἴσχιστον
2045 1710 2103 1741 ὅτι

309 1753 442 1804 μηδενὸς
465 1754 594 1786 δεῖσθαι
615 1755 713 1793 λεγων
735 1758 863 1791 ἕκαστος
884 1767 910 1785 κ.
933 1767 959 1785 τ.
982 1754 1010 1785 λ.
1035 1761 1063 1785 et
1088 1754 1154 1784 sine
1177 1753 1332 1795 particula
1355 1755 1418 1785 6'tt:
1442 1754 1508 1786 lov
1533 1752 1631 1794 Trag.
1648 1756 1695 1785 11.
1719 1754 1759 1785 τὸ
1783 1753 1823 1784 δε
1847 1753 2104 1783 ἀτοπώτατον

311 1794 503 1834 απάντων,
527 1798 785 1846 ἐπιλέλησμαι
808 1798 848 1829 τὸ
872 1799 1043 1838 προοίμιον
1066 1800 1127 1827 τῶν
1148 1797 1260 1836 λόγων.
1305 1795 1374 1827 Nec
1398 1797 1487 1827 aliter
1505 1796 1585 1828 Dial.
1600 1779 1700 1827 ῗιῘοιῖ
1713 1795 1848 1827 XXIV.
1864 1797 1889 1827 1.
1914 1796 1953 1826 τὸ
1977 1795 2017 1826 δε
2038 1795 2102 1835 μέ-

310 1850 439 1878 γιστον
463 1841 519 1872 ὅτι
543 1865 550 1872 .
574 1865 581 1872 .
605 1841 674 1880 εἶχω.
715 1840 771 1871 Bis
795 1841 873 1872 Acc.
900 1840 946 1872 16.
980 1840 1020 1871 τὸ
1044 1839 1083 1871 δὲ
1105 1842 1289 1880 μέγιστον
1312 1841 1371 1871 ὅτι
1393 1843 1445 1871 καὶ
1467 1840 1657 1880 λοιδορεῖται
1666 1842 1715 1891 τῇ
1738 1841 1850 1880 Mfflq,
1873 1843 1903 1869 et
1927 1847 2098 1879 suppressa

310 1882 358 1913 ὅτι
380 1883 549 1924 particula:
586 1882 670 1916 Gall.
693 1885 744 1917 25.
777 1884 817 1914 τὸ
842 1883 881 1914 δὲ
903 1886 1084 1924 μέγιστον
1107 1882 1339 1924 υᾳορᾶσθαι
1363 1883 1423 1914 δεῖ
1454 1883 1591 1923 μάλιστα
1620 1895 1691 1919 τους
1727 1882 1905 1924 φιλτάτους.
1952 1880 2025 1912 V.ot
2053 1879 2101 1913 16.

310 1924 351 1956 τὸ
386 1926 424 1957 δὲ
456 1929 651 1967 μέγιστον,
683 1926 829 1964 ἐπίδειξις
861 1927 945 1957 ἐσται
968 1926 1003 1957 τὸ
1026 1928 1168 1966 πρᾶγμα.
1214 1926 1258 1957 Id.
1281 1925 1356 1957 ibid.
1381 1926 1433 1959 43.
1454 1896 1508 1957 lu16
1532 1926 1571 1956 δὲ
1593 1928 1774 1966 μέγιστον
1798 1925 1894 1960 ἄλλος
1916 1936 1960 1960 τις
1981 1923 2057 1954 ἔστω
2081 1920 2099 1953 6

311 1968 442 2009 ἥδιστος.
488 1970 611 2002 Saturn.
636 1970 685 2002 20
720 1970 760 2000 τὸ
796 1970 834 2000 δὲ
867 1972 1049 2010 μέγιστον
1079 1981 1192 2006 αυτους
1227 1969 1362 2006 ἐκείιοις
1395 1971 1475 2011 ([ασῑ
1511 1981 1583 2005 τους
1615 1968 1812 2016 ἅνθρωπους
1843 1970 1976 2007 χρυσοῦς
2008 1967 2099 1997 εἶναι.

310 2010 465 2042 Eiusdem
499 2012 622 2054 generis
657 2012 711 2043 sed
746 2012 870 2043 divelsa
899 2023 917 2041 a
940 2011 1076 2042 Luciani
1109 2011 1245 2042 dictione
1268 2012 1347 2042 ratio
1371 2022 1465 2051 quam
1488 2011 1583 2042 modo
1608 2011 1696 2051 tetigi
1721 2016 1880 2051 comparet
1904 2010 1935 2039 in
1958 2008 2026 2039 loco
2049 2006 2102 2049 qui

310 2052 425 2103 legitur
448 2056 530 2108 apud
555 2055 704 2086 Pseudo-
713 2053 1106 2087 Lucian.Cha1idem.S.
1144 2054 1184 2085 τὸ
1209 2055 1246 2085 δε
1271 2055 1313 2096 δη
1335 2058 1517 2106 μέγιστον
1538 2057 1601 2085 καὶ
1631 2053 1716 2085 οἷον
1739 2054 1784 2084 α’ν
1808 2065 1861 2089 τις
1884 2052 2103 2092 θαυμασαι,

312 2094 459 2137 ὁμιλῶν
480 2112 549 2139 γαρ
572 2105 652 2135 τοῖς
674 2101 794 2135 θεοῖς.
812 2122 818 2129 .
842 2100 1010 2139 πεποίηται
1035 2098 1171 2139 σοῖαρὸς
1195 2100 1236 2128 τῶ
1258 2101 1352 2129 κοινοῖ
1375 2100 1436 2129 τῶν
1455 2096 1614 2138 Ἑλληνων
1636 2098 1757 2140 ποιητῇ.
1804 2094 1840 2125 Ιιι
1865 2094 1924 2125 hac
1946 2092 2092 2134 loquendi

310 2139 431 2172 ratione
454 2142 567 2172 mirum
591 2148 741 2182 quantum
765 2140 941 2172 luxuriatur
965 2139 1129 2171 Isocrates.
1177 2131 1268 2171 Conf
1293 2131 1373 2171 Ot'to
1398 2139 1582 2171 Schneider.
1606 2139 1646 2169 ad
1671 2137 1727 2170 Or.
1746 2138 1805 2169 V.ll
1831 2138 1879 2170 69.
1903 2149 1932 2179 p
1949 2138 2018 2169 107.
2042 2135 2098 2167 sed

310 2181 388 2214 illud
419 2183 542 2215 dicendi
575 2195 675 2226 genus
706 2195 767 2224 quo
794 2183 945 2214 formulae
968 2195 1131 2224 τεκμηριον
1154 2183 1188 2214 δὲ
1211 2189 1240 2213 et
1265 2189 1391 2225 σημεῖον
1414 2183 1447 2213 δε
1472 2182 1614 2213 similiter
1636 2182 1719 2223 apud
1744 2188 1881 2212 uiatores
1904 2186 2096 2221 usurpantur

315 2244 350 2248 —
374 2226 446 2257 vide
471 2226 514 2257 W
518 2210 599 2258 eber.
624 2227 664 2257 ad
689 2226 853 2258 Demosth
878 2224 934 2258 Or.
959 2225 1111 2257 Aristocr.
1135 2237 1164 2267 p.
1187 2227 1258 2258 524.
1283 2245 1323 2248 -
1346 2225 1510 2256 Lucianus
1544 2225 1612 2266 ipse
1646 2225 1772 2255 omnino
1803 2224 1925 2264 ignorat
1961 2222 2015 2254 sed
2050 2226 2099 2253 est

310 2267 341 2298 in
366 2269 535 2300 subditicio
556 2269 680 2311 dialogo
693 2281 744 2310 qui
758 2269 945 2304 inscribitur
951 2267 1202 2299 Charidemusc
1218 2268 1244 2299 6.
1268 2280 1475 2310 τεκμηριον
1498 2268 1546 2298 δέ·
1570 2271 1644 2298 τῶν
1666 2270 1758 2306 γοῦι
1782 2268 1885 2297 θεῶν
1908 2266 1947 2303 εξ
1969 2264 2105 2312 ῆριόων

310 2315 486 2353 γενομένων
504 2312 657 2355 Ηρακλης
690 2315 722 2344 τέ
743 2313 826 2344 ἐστιν
847 2325 872 2343 κ.
898 2325 921 2342 τ.
945 2312 972 2342 λ.
996 2311 1049 2342 ubi
1073 2317 1144 2353 post
1167 2313 1328 2353 τεκμήριον
1352 2311 1384 2342 δὲ
1407 2310 1561 2352 particula
1583 2314 1659 2349 γοῦν
1682 2310 1827 2347 infertur,
1856 2308 1889 2339 id
1912 2308 1995 2349 quod
2018 2306 2091 2339 alibi

312 2365 373 2386 non
397 2355 515 2386 dictum
540 2362 598 2387 est.
