2128 2668
1033 237 1086 269 24

157 336 256 367 ticula
292 338 523 368 consociantur
557 344 724 376 utrumque
760 349 936 378 pronomen
974 339 1020 369 ita
1055 340 1193 376 positum
1225 339 1343 378 ubique
1374 342 1456 372 redit
1481 349 1514 371 ut
1538 342 1675 372 mediam
1701 349 1811 373 teneat
1835 344 1956 376 sedem.

158 379 278 410 Piscat.
303 390 329 411 c.
354 378 467 410 221&
491 389 528 408 κο
530 378 624 429 Juwd,
632 378 768 412 ἐκεῖνα
793 380 846 411 καὶ
870 382 999 431 σιιεχῆ.
1046 380 1132 411 Dial.
1159 382 1258 412 Deor.
1281 382 1326 415 X.
1341 382 1366 414 I.
1390 382 1486 414 καιιὰ
1509 385 1633 414 ταῦτα
1657 396 1683 414 ω
1706 385 1800 426 Ερμῆ
1824 383 1874 416 καὶ
1897 383 1956 437 da}-

156 418 290 452 λάκοτα.
327 421 408 451 Ibid.
433 420 530 451 XIII.
557 422 582 452 1.
606 418 743 474 ἀπρεπῆ
766 423 888 453 ταῦτα
912 422 965 454 καὶ
991 420 1162 474 ἀλλότρια.
1199 423 1280 456 Ibid.
1304 424 1436 456 XVIII
1463 428 1490 456 l
1515 423 1649 477 ἆιὸρεῖα
1673 428 1796 458 ταῦτα
1820 426 1874 458 καὶ
1898 425 1957 459 οὐκ

156 460 588 500 ἆνάξια.Α17ἀίο.ο.1.οὗ
614 463 732 495 καινὰ
756 466 879 496 ταῦτα
904 461 929 495 ὦ
953 461 984 496 ἂ.
1010 465 1038 496 ὁ.
1064 462 1142 496 οὐδὲ
1166 465 1351 518 παράδοξα.
1379 467 1465 498 Gall.
1491 465 1628 499 c.4.01'1
1651 469 1809 500 πιθανὰ
1833 470 1957 501 ταῦτα

158 503 236 537 οὐδὲ
270 502 358 536 πάνυ
386 505 560 536 πιστεῦσαι
594 503 705 558 ῥᾴδια.
753 506 835 538 Ibid.
859 509 888 538 2.
913 510 942 538 6.
975 506 1165 556 μελιχρὸς
1199 520 1318 546 ουτος
1351 509 1406 540 καὶ
1421 509 1577 561 ἑναργης
1610 507 1821 551 φαιιόμειος.
1868 511 1956 542 Dial.

156 548 290 578 Meretr.
315 547 413 578 XIII.
438 550 468 578 4.
490 547 621 596 μιαρὰ
645 549 770 579 ταῦτα
794 548 849 580 καὶ
873 546 1010 590 φοβερά.
1057 548 1482 590 Piscat.c.11.12ml2w
1512 553 1634 583 ταῦτα
1663 552 1718 584 καὶ
1742 550 1957 604 νομιμώτερα.

156 589 237 620 Ibid.
272 600 299 619 c.
324 590 373 621 31.
409 588 450 620 τὰ
485 587 684 632 πρόχειρα
718 592 840 622 ταῦτα
875 591 941 622 καὶ
975 589 1131 631 δημόσιοι.
1177 592 1213 622 In
1240 594 1371 624 Timon
1396 605 1420 624 c.
1448 595 1497 625 37.
1521 594 1560 625 τὰ
1586 591 1728 645 οργίλα
1757 596 1881 626 ταῦτα
1904 594 1958 626 καὶ

154 628 361 673 μειρακιώδη
396 632 436 661 ad
461 632 665 662 anianeum
702 643 793 663 usum
823 634 1066 664 accommodate
1097 635 1221 664 editum
1247 642 1297 665 est
1322 637 1468 674 quamvis
1493 633 1608 677 ὀργίλα
1631 636 1685 667 καὶ
1707 633 1957 689 μειρακιώδη

154 675 279 704 ταῦτα
302 675 336 703 in
361 674 428 705 cod.
455 674 591 714 August
619 677 710 713 prim
736 682 929 713 compareat.
957 675 1178 711 Quamobrem
1204 679 1236 707 in
1261 678 1368 708 Zeux
1396 690 1421 708 c.
1446 679 1476 709 3
1500 679 1540 709 τὰ
1565 677 1700 721 δημώδν
1724 678 1778 710 καὶ
1800 678 1841 710 τὰ
1863 679 1957 710 κοινὰ

154 716 259 747 ταῦτα
293 714 353 747 οὐκ
383 714 527 768 ἔγραφεν
542 716 738 768 legitimum
764 718 934 748 verborum
960 719 1106 748 οιᾱίηειιι
1134 721 1305 749 restituere
1332 730 1394 750 non
1420 720 1534 751 dubito
1560 703 1731 752 scribendo
1757 728 1811 751 aut
1835 720 1875 752 τὰ
1900 722 1958 762 ὁη-

153 756 264 799 μώὸη
287 759 411 789 ταῦτα
436 758 491 789 καὶ
514 758 554 789 τὰ
579 759 672 790 κοιιὰ
696 767 749 790 aut
775 761 856 798 quod
882 760 991 790 malim
1016 760 1061 790 τὰ
1086 761 1200 792 κοιιὰ
1222 762 1348 792 ταῦτα
1373 762 1427 793 καὶ
1451 763 1491 793 τὰ
1517 761 1651 804 δημώδη
1670 774 1732 802 quo
1746 771 1838 802 pacto
1852 764 1957 794 Pseu-

155 800 217 830 dol.
243 811 268 833 c
283 800 381 832 210}
405 800 517 832 κοινὰ
540 803 666 832 ταῦτα
690 801 744 833 καὶ
768 803 807 833 τὰ
832 801 864 833 ἑν
888 814 986 834 norma
1019 800 1151 842 ἆριοῶν.
1199 804 1327 833 Saturn.
1353 815 1377 835 c.
1407 804 1430 834 l.
1454 804 1499 835 τὰ
1523 805 1636 836 κοινὰ
1659 817 1773 836 votvm
1796 804 1851 836 καὶ
1875 802 1958 845 πρό-

152 854 256 883 χειρα.
282 844 387 882 Atque
412 844 444 873 in
470 843 526 873 illa
551 843 690 874 formula
714 855 795 884 quae
819 851 867 874 est
893 846 924 875 in
950 845 1016 875 Iov.
1042 845 1139 886 Trag.
1164 847 1259 876 c.13.
1283 845 1323 876 τὰ
1346 845 1440 877 κοινὰ
1463 846 1517 877 καὶ
1540 845 1580 877 τὰ
1605 845 1680 878 καθ’
1706 845 1831 888 7μέραι
1855 849 1958 878 ταῦτα

156 887 414 923 nanspositione
439 888 653 917 correxerim·
679 886 719 917 τὰ
743 886 856 918 κοινὰ
880 888 1005 918 ταῦτα
1035 887 1088 918 καὶ
1118 887 1158 918 τὰ
1183 885 1259 918 καθ’
1268 885 1410 940 ἡμέραι
1434 890 1701 940 quemadmodum
1727 900 1764 919 ea
1790 890 1838 919 bis
1864 901 1956 927 prae·

159 935 250 957 terea
275 928 357 965 apud
382 928 564 958 Lucianum
591 928 711 970 legitur
736 930 820 959 infra
846 941 871 961 c.
889 931 938 960 50.
963 936 995 959 et
1019 930 1108 961 Tox.
1125 941 1150 961 c.
1164 933 1213 961 49.
1238 929 1278 960 τὰ
1303 930 1412 961 >zotici
1436 932 1557 961 ταῦτα
1581 944 1633 962 και
1658 931 1697 962 τὰ
1721 929 1797 963 καθ’
1824 929 1957 973 7ῃ’.ιεραν

286 986 375 1017 Dial.
401 987 500 1017 Deor
524 986 622 1018 Vlll.
650 992 676 1018 1.
701 987 737 1029 7ὴ
761 986 843 1026 Δία,
874 987 928 1019 καὶ
953 985 1093 1027 ἇμειιων
1117 985 1179 1030 γάρ
1202 986 1279 1027 εἶμι.
1326 990 1363 1019 In
1390 989 1449 1019 hac
1473 1000 1554 1028 quae
1579 991 1773 1020 novissimas
1799 991 1959 1020 editiones

156 1037 294 1068 occupat
329 1029 471 1060 lectione
496 1030 702 1060 lritzschius
739 1041 809 1060 eum
839 1029 893 1061 καὶ
917 1048 957 1052 -
981 1029 1042 1080 γὰρ
1066 1032 1087 1061 i.
1114 1042 1142 1062 e.
1168 1042 1252 1061 nam
1279 1048 1317 1053 —
1343 1032 1459 1061 etiam
1485 1032 1563 1062 ferri
1589 1042 1651 1061 non
1677 1043 1773 1070 posse
1801 1032 1881 1062 bene
1906 1033 1958 1062 in-

157 1071 349 1102 tellexisset
385 1074 602 1111 transposuit·
637 1072 692 1103 καὶ
720 1072 782 1113 μὰρ
817 1069 958 1111 &pelam
991 1070 1069 1123 εἶμί,
1105 1073 1220 1103 codice
1257 1074 1364 1104 Gueif
1390 1076 1493 1112 primo
1517 1075 1656 1104 adiutus.
1703 1075 1858 1112 Equidem
1885 1076 1959 1113 quia

155 1115 339 1144 mutatione
375 1124 454 1153 opus
491 1121 541 1144 est
577 1116 623 1144 sic
652 1116 759 1153 potius
786 1116 987 1151 scripserim:
1019 1112 1193 1154 αμεί7ω7
1216 1113 1287 1155 γάρ
1311 1113 1407 1154 εἶμι
1414 1116 1590 1168 particula
1615 1114 1669 1145 καὶ
1694 1115 1841 1154 expulsa.
1887 1117 1959 1147 Hoc

154 1158 271 1187 suadet
284 1157 474 1187 Lueianus'
467 1168 536 1195 lpse
552 1156 967 1196 Dia1.M0r1.X11.1.3pce'
982 1157 1032 1188 δεῖ
1055 1157 1299 1198 προκεκρισθαι
1323 1168 1379 1188 σου
1403 1154 1428 1187 ὦ
1451 1157 1554 1197 Λίβυ·
1581 1155 1750 1196 &mlum
1775 1156 1846 1199 γάρ
1865 1156 1958 1197 εἶμι.

287 1214 376 1247 Dial.
402 1215 502 1246 Deor.
527 1214 624 1247 XIV.
648 1218 677 1247 2.
702 1213 771 1246 ἀπὸ
795 1227 850 1246 του
874 1214 1013 1266 οιιζιιοιτος
1036 1212 1138 1253 c'r'n‘jog
1161 1213 1280 1247 αιαὸοι
1276 1228 1335 1247 ναι
1359 1228 1416 1257 771777
1439 1228 1496 1257 erv
1519 1214 1658 1258 ἐποίησα
1680 1214 1810 1258 7’ὔιστον
1828 1229 1854 1247 w
1863 1214 1960 1257 Ἐριιῆ

154 1256 207 1288 καὶ
242 1254 484 1289 εὐανθέστατον
518 1254 649 1289 ἆιθὲων
674 1254 841 1296 ἁπάντων,
867 1256 926 1288 ἐτι
951 1270 1012 1289 και
1036 1255 1245 1299 γροῖμιιατιι
1236 1257 1309 1297 ἔχοι
1333 1242 1529 1295 ἐπαιάζοντα
1552 1260 1597 1299 τῶ
1620 1271 1672 1290 7εκ
1696 1260 1732 1300 ᾧ.
1764 1258 1959 1289 Boissonad.

158 1300 198 1329 ad
229 1299 388 1330 Philostr.
414 1300 517 1338 Epist.
543 1301 594 1331 41.
620 1311 648 1338 p.
678 1300 746 1329 llo.
785 1307 893 1330 monet
928 1301 959 1330 in
997 1301 1107 1330 codice
1146 1302 1227 1332 1310
1262 1311 1279 1330 a
1314 1311 1350 1330 se
1369 1300 1494 1351 collato
1519 1307 1651 1332 exstare
1676 1313 1733 1333 eu
1757 1313 1796 1332 τε
1820 1313 1883 1333 και
1908 1302 1958 1332 cui

156 1342 338 1380 scripturae
363 1343 432 1381 ipse
456 1341 564 1372 album
590 1342 749 1372 calculum
775 1342 904 1372 adiecit.
952 1343 994 1372 At
1018 1349 1186 1381 praestare
1211 1344 1332 1374 iudico:
1363 1341 1419 1374 ἔτι
1445 1342 1485 1374 δὲ
1509 1341 1584 1374 καί.

285 1400 375 1431 Dial.
401 1401 499 1433 Deor.
524 1401 643 1432 XVII.
672 1401 696 1432 l.
732 1399 849 1432 ἔπειτα
879 1400 915 1432 δὲ
944 1400 1049 1438 σιινεὶς
1072 1400 1105 1432 ἓν
1129 1399 1264 1443 ἀφύκτῳ
1287 1400 1438 1441 ἐχόμενον
1462 1400 1579 1433 ἑαυτὸν
1604 1400 1734 1434 ἱκέτευε,
1781 1402 1845 1432 Hic
1868 1401 1958 1433 locus

153 1454 217 1482 quo
242 1444 406 1474 Struvium
443 1451 687 1483 praeceptorem
723 1444 886 1482 quondam
922 1443 1173 1474 dilectissimum
1210 1446 1376 1483 virumque
1411 1455 1526 1485 graece
1557 1445 1776 1475 doctissimum
1802 1451 1957 1475 vexatum

154 1487 260 1516 fuisse
285 1487 342 1516 vix
368 1486 524 1516 credibile
549 1494 609 1521 est,
635 1487 759 1526 largam
785 1487 824 1516 de
849 1486 908 1515 hac
932 1485 1100 1516 verborum
1126 1489 1261 1526 syntaxi
1278 1488 1447 1517 materiam
1463 1487 1609 1525 praebuit
1625 1486 1805 1517 Fritzschio
1820 1487 1958 1524 Quaest.

152 1529 234 1559 Luc.
260 1540 288 1566 p.
316 1530 384 1559 101.
410 1539 456 1567 sq.
491 1530 544 1567 qui
581 1539 651 1559 eum
688 1536 760 1567 post
785 1528 998 1559 Schaeserum
1036 1530 1074 1559 ad
1101 1528 1175 1559 Bos.
1208 1529 1325 1567 Ellips.
1362 1541 1391 1567 p.
1416 1530 1488 1559 224.
1525 1536 1647 1559 tutatus
1683 1536 1731 1559 est
1762 1531 1956 1560 rectissime.

154 1571 271 1609 ltaque
297 1570 378 1600 nihil
405 1581 484 1609 opus
510 1578 559 1600 est
584 1578 617 1601 ut
641 1572 679 1601 de
705 1582 742 1601 ea
768 1582 800 1601 re
827 1572 991 1609 copiosius
1016 1572 1192 1610 disputem:
1219 1572 1390 1602 confecero
1415 1579 1521 1601 autem
1548 1583 1612 1602 rem
1640 1573 1665 1602 si
1686 1573 1957 1602 unumduntaxat

152 1612 258 1643 locum
297 1614 446 1643 adiecem
484 1613 623 1643 similem
660 1623 792 1652 prorsus
827 1624 864 1643 ac
897 1615 1061 1652 geminum
1094 1615 1179 1644 unde
1208 1613 1267 1644 lux
1303 1621 1414 1644 nostro
1449 1615 1637 1645 affunditur.
1684 1614 1714 1644 ls
1740 1621 1850 1645 exstat
1874 1614 1957 1651 apud

152 1654 284 1689 Heliod
312 1655 386 1686 Vll.
415 1667 440 1686 c.
464 1656 492 1685 7.
518 1654 572 1687 ὅτε
595 1655 726 1692 συιεὶς
750 1653 766 1685 ὃ
794 1654 980 1697 πρεσβύτης
1002 1653 1068 1687 ὑπὸ
1093 1668 1122 1686 77
1118 1658 1150 1697 ξς
1173 1654 1339 1694 εὐτελείας
1362 1657 1421 1687 τοῦ
1446 1667 1609 1697 affluam-c
1633 1654 1774 1687 ἑαυτὸν
1798 1653 1835 1686 οὐ
1860 1668 1957 1697 2²⁰²

152 1695 367 1739 ριζόμενον
391 1697 565 1740 ἑγυμιώθη
590 1700 652 1729 τῶν
676 1698 944 1740 ἐπιβεβλημένων
967 1699 1076 1739 ῥακῶν
1100 1706 1160 1731 etc

285 1756 624 1788 Dia1.Deor.X1X
653 1757 678 1788 l.
703 1756 893 1788 ἐπισείουσα
917 1754 1072 1799 (flama)
1096 1757 1152 1788 τὸι
1176 1755 1280 1799 λόφοι
1304 1754 1473 1799 e’uTthet
1497 1769 1538 1796 με
1560 1769 1612 1788 και
1630 1754 1818 1807 ὗηοτρρμος
1830 1755 1957 1798 γι’7ομοι

151 1797 206 1830 καὶ
230 1795 374 1849 ἆιϊοορεῖ
394 1811 460 1839 μου
483 1800 523 1830 τὰ
547 1797 731 1839 τοξεύματα
755 1797 790 1831 ἐκ
813 1801 878 1830 τῶι
899 1801 1025 1841 χειρῶν.
1073 1799 1156 1830 Vide
1181 1811 1289 1830 annon
1315 1801 1353 1830 ad
1379 1801 1576 1830 sententiam
1591 1808 1696 1838 aptius
1716 1801 1758 1829 sit
1778 1796 1955 1840 υπορρεῑ.

154 1842 259 1881 Finge
284 1843 370 1871 enim
397 1842 457 1872 tibi
484 1843 677 1881 Cupidinem
704 1842 938 1881 flammigerum
965 1842 1054 1872 illum
1081 1850 1111 1872 et
1136 1844 1371 1873 arcitenentem
1405 1853 1535 1880 puerum
1567 1844 1618 1881 qui
1644 1843 1785 1872 omnium
1812 1841 1956 1871 Deorum

152 1883 386 1933 hominumque
411 1891 526 1923 potens
551 1884 654 1915 solius
679 1885 851 1915 Minervae
877 1884 967 1914 vultu
991 1892 1082 1915 torve
1107 1886 1266 1915 intuentis
1292 1893 1386 1923 atque
1413 1884 1536 1924 Aegida
1560 1884 1744 1914 horrificam
1770 1885 1956 1914 concutien-

152 1927 195 1955 tis
220 1927 313 1965 quasi
337 1928 497 1957 attonitus
522 1928 603 1957 adeo
629 1928 852 1957 contremiscit
876 1934 911 1957 ut
935 1928 1105 1966 impotenti
1132 1928 1194 1957 iam
1220 1938 1295 1965 piae
1321 1929 1435 1957 timone
1460 1926 1525 1956 tela
1549 1927 1587 1956 de
1613 1927 1761 1956 manibus
1785 1925 1955 1964 paullatim

153 1967 296 1999 defluant
323 1977 354 1998 et
378 1970 408 1999 id
434 1971 537 2008 ipsum
565 1969 663 1999 verbo
687 1966 845 2011 υηορρεῖι
870 1970 1052 2010 elegantius
1078 1977 1108 2000 et
1134 1969 1378 2011 significantius
1408 1968 1591 1999 adumbrari
1616 1968 1837 1999 confiteberis.
1904 1968 1955 1997 lta

153 2017 240 2041 certe
265 2011 304 2040 de
329 2012 510 2042 dormiente.
536 2012 742 2061 Endymione
767 2013 852 2042 dixit
879 2012 1043 2042 Lucianus
1069 2012 1280 2042 01310707-
1304 2011 1367 2042 XI.
1393 2013 1422 2041 2.
1448 2009 1525 2041 ὃῑαν
1548 2008 1797 2061 ὖηοβαλόμειος
1820 2009 1876 2042 ἐπὶ
1899 2011 1956 2051 τῆς

153 2052 278 2093 πέτρας
313 2065 368 2094 την
395 2052 547 2094 χλαμύδα
577 2051 727 2096 καθεύδῃ
762 2066 802 2095 ‘HJ
838 2054 916 2096 λαιᾷ
940 2054 999 2093 μὲν
1023 2053 1103 2094 ἔχων
1126 2054 1171 2085 τὰ
1196 2051 1362 2085 ἀκόττια
1386 2049 1448 2095 7er
1473 2051 1512 2084 ἐκ
1536 2065 1574 2095 77
1588 2065 1603 2090 ς
1623 2052 1759 2096 χειρὸς
1784 2050 1932 2094 ἶνπορρέ

152 2106 246 2126 οντα
271 2104 331 2126 etc

286 2153 804 2206 Dia1.De01-.X1X2..9›J<›ag
828 2154 881 2186 καὶ
906 2152 1040 2197 ἕλ’άφωι
1063 2154 1115 2186 καὶ
1140 2155 1261 2195 ιεβρωι
1286 2152 1388 2196 αιρεῖν
1413 2166 1446 2185 τε
1471 2151 1636 2185 ὁιωκουσα
1660 2153 1712 2185 καὶ
1725 2150 1953 2190 κατατοξευειν

151 2194 219 2227 καὶ
242 2193 342 2233 όλως
366 2197 470 2238 πρὸς
492 2199 544 2228 τῶ
568 2195 741 2238 τοιούτῳ
765 2196 882 2229 ἐστιν.
930 2197 1099 2228 Postrema
1124 2197 1223 2227 xerha
1247 2207 1327 2236 quae
1352 2207 1420 2226 cum
1446 2198 1479 2227 in
1504 2196 1598 2227 libris
1623 2203 1653 2227 et
1678 2198 1808 2235 scriptis
1832 2202 1863 2226 et
1887 2196 1947 2225 edi-

153 2240 197 2269 tis
222 2239 372 2269 omnibus
398 2240 568 2270 obtineant
593 2251 686 2271 nemo
710 2241 743 2270 in
769 2240 985 2278 suspicionem
1012 2240 1062 2270 vel
1089 2240 1289 2270 levissimam
1315 2240 1442 2269 vocavit
1468 2250 1580 2269 vereor
1605 2247 1638 2269 ut
1662 2246 1750 2269 recto
1774 2237 1841 2268 talo
1865 2244 1952 2268 stare

152 2283 281 2320 possint
314 2281 392 2312 lieet
427 2284 530 2320 prima
565 2283 672 2313 fronte
703 2292 782 2312 sana
812 2283 984 2313 videantur
1008 2293 1093 2313 esse.
1141 2281 1315 2313 Fonnulae
1340 2283 1424 2312 enim
1450 2281 1513 2313 καὶ
1537 2280 1639 2319 ὅλως
1662 2282 1744 2320 apud
1771 2281 1951 2311 Lucianum

151 2334 244 2354 usum
281 2325 342 2354 etsi
380 2323 462 2354 bene
499 2332 700 2364 perspectum
732 2324 835 2355 haheo
860 2325 962 2359 (conf.
987 2325 1140 2355 Iacobitz.
1165 2325 1203 2355 ad
1229 2323 1357 2363 Catapt.
1383 2336 1409 2363 p.
1435 2325 1497 2363 27.)
1523 2323 1723 2365 significatio
1747 2329 1855 2353 tamen
1881 2333 1951 2353 cum
