2193 2663
226 224 281 256 Φ
1032 215 1255 267 —7—

232 320 380 359 ctesiph.
404 331 435 359 p.
459 321 531 351 483.
558 320 606 349 ed.
632 317 761 349 Reiska
784 314 1008 367 βοηθήσειν
1032 329 1066 349 ει
1089 329 1148 355 τις
1170 314 1225 350 ἐπ’
1252 316 1370 350 αὐτὸν
1394 314 1459 349 ιὀι.
1505 318 1598 348 Haec
1621 317 1760 348 formula
1783 319 1816 348 in
1840 318 2028 350 foederibus

231 364 271 394 ad
295 370 439 393 mutuam
463 361 559 392 fidem
585 360 827 410 praestandam
841 360 932 389 initis
956 361 988 390 in
1015 371 1074 390 usu
1098 361 1202 390 fuisse
1227 361 1365 392 videtur.
1391 376 1430 382 —
1457 361 1537 391 Ver.
1563 360 1650 392 Hist.
1670 361 1697 392 Ι.
1713 361 1763 392 20.
1788 358 1846 401 τὴν
1869 359 2030 393 ἀποικίαν

230 429 238 436 .
264 429 271 435 .
294 404 405 447 κοινὴν
438 406 614 436 ποιεῖσθαι
648 401 701 433 καὶ
732 412 914 452 μετεχειν
948 403 1024 432 τῶν
1058 398 1187 433 ἄλλων
1210 402 1278 433 τὸν
1301 399 1561 442 βουλόμενοντ
1592 402 1759 433 fluxerunt
1783 402 1862 433 haec
1886 413 1904 433 e
1927 403 2030 435 Thuc

230 447 256 478 Ι.
282 458 307 479 c.
331 448 382 478 27.
408 444 437 479 εἰ
460 446 496 479 δέ
518 457 567 483 τις
589 445 627 476 τὸ
650 441 841 484 παραυτίκα
863 455 906 482 ¹ur
931 442 1045 476 ἐθέλοι
1069 444 1306 496 ..μετέχειν
1329 444 1370 476 δὲ
1397 443 1590 484 βούλεται
1618 446 1686 486 τῆς
1709 442 1907 482 ἀποικίας
1922 446 1963 482 ’).
1986 464 2029 468 —-

230 488 306 520 Ver.
333 490 421 519 Hist.
446 489 472 520 Ι.
496 490 546 519 20.
572 485 769 528 ἐγγράψαι
792 485 862 522 τὰς
885 484 1088 526 συνθηκας
1117 485 1239 538 στήλη
1268 483 1480 537 ἢλεκτρίνη
1505 488 1591 518 dicta
1615 494 1691 517 sunt
1715 488 1753 517 ad
1778 487 2027 518 similitudinem

232 531 401 562 verborum
426 531 627 581 Thucydidis
642 498 691 559 9.V
718 539 742 558 c.
768 529 818 560 47.
843 527 906 565 τὰς
935 527 1058 570 ξυνθη
1067 541 1134 567 κας
1156 529 1214 566 τὰς
1238 528 1316 570 περὶ
1338 530 1402 560 τῶν
1429 530 1582 561 σπονδῶν
1603 529 1658 561 καὶ
1681 531 1745 560 τῶν
1759 528 1872 580 ’ὅρκων
1895 528 1952 561 καὶ
1973 531 2031 571 τῆς

232 572 419 613 συμμαχίας
442 569 677 613 ἀναγράψαι
700 569 738 602 ἐν
761 568 884 611 στήλη
908 549 1058 621 λιθίνιὲη
1083 589 1121 594 -·
1167 571 1244 603 Ver.
1270 573 1356 602 Hist.
1382 571 1544 604 1.28.ἐν
1564 575 1632 614 χρῶ
1655 571 1711 611 τὴν
1733 573 1792 614 γῆν
1814 572 2030 622 παραπλέ-

216 627 344 655 ,οντες
378 626 434 654 pro
469 625 530 653 quo
558 613 677 644 Pollux
704 612 728 644 Ι.
757 613 823 642 113.
857 612 891 644 ἐν
922 615 990 654 χρῶ
1014 615 1080 654 τῆς
1102 616 1169 655 γῆς
1193 614 1444 655 παραπλέοντες
1466 615 1505 644 de
1530 615 1715 645 hominihus
1740 616 1887 653 proxime
1911 622 2029 646 terram

232 657 594 709 praeternavigantibus
619 656 704 685 dixit
727 655 894 685 Lucianus
920 663 991 693 post
1015 656 1241 695 Thucydidem
1267 657 1309 687 ΙΙ.
1324 668 1349 687 c.
1363 658 1414 687 84.
1439 668 1469 688 οι
1482 655 1666 707 ,Ἀθηναῖοι
1689 680 1696 687 .
1711 680 1719 687 .
1744 656 1878 708 ξυνῆγον
1901 668 1935 694 ες
1958 654 2029 689 ὀλί-

233 712 289 740 γον
317 697 354 731 ἐν
387 701 464 741 χρῶ
498 695 550 729 ἆει
585 697 896 739 παραπλέοντες
919 706 1014 737 atque
1039 698 1121 728 haud
1147 699 1301 729 dissimili
1326 701 1453 729 ratione
1478 697 1510 730 ἐν
1532 700 1600 740 χρῶ
1624 698 1965 741 παραιιείβεσθαι
1989 700 2029 730 de

232 741 421 773 fluminibus
445 742 611 780 regionem
636 740 776 779 aliquam
803 747 857 769 aut
882 739 992 770 urbem
1018 742 1111 778 quasi
1136 741 1325 772 radentibus
1349 743 1517 779 usurpavit
1542 742 1676 772 Lucian.
1703 742 1823 779 Quom.
1847 741 1924 772 hist.
1953 753 2029 772 con-

233 784 330 815 scrib.
355 785 399 813 sit
421 794 448 814 e.
472 784 528 820 243
553 783 659 822 Fugit.
685 794 711 812 c.
726 783 776 812 2ι3.
802 782 895 813 Conf.
921 782 1068 813 Lobeck.
1093 784 1131 813 ad
1157 783 1254 822 Soph.
1272 785 1319 814 Αἰ.
1339 795 1368 822 p.
1381 785 1452 815 348.
1468 801 1502 805 —
1532 783 1607 814 Ver.
1626 785 1712 815 nist.
1727 784 1753 815 Ι.
1768 785 1818 815 30.
1845 781 1941 838 ἀρχὴ
1964 796 2029 816 κα-

232 827 307 856 κῶν
339 822 508 864 μειζόνων.
556 824 729 855 Formulae
754 822 852 865 αρχῆ
877 826 1005 855 κακῶν
1039 825 1158 855 fundus
1194 834 1244 856 est
1270 827 1433 857 Homerus
1459 825 1495 856 ΙΙ.
1519 824 1580 857 ΧΙ.
1608 828 1679 858 604.
1709 828 1834 857 κακοῦ
1858 825 1887 858 δ’
1913 824 1976 877 ἔρα
1999 838 2030 879 οι

233 868 331 900 πέλεν
348 865 450 917 ἀρχὴ
475 879 493 897 a
518 878 578 906 quo
603 878 671 896 eam
699 868 834 896 mutuati
860 874 934 896 sunt
960 868 1057 896 etiam
1085 867 1206 897 Herod.
1236 867 1271 897 V.
1297 879 1323 899 c.
1348 870 1397 899 97.
1423 868 1518 899 αὗται
1543 880 1575 899 αι
1600 871 1672 909 νῆες
1695 867 1791 910 ἀρχη
1816 872 1942 900 κακῶν
1965 868 2030 909 ἐγέ-

232 921 320 941 νοντο
337 907 478 949 Ἕλλησι.
512 909 760 939 Anaxandrides
787 909 937 939 Comicus
962 910 1043 946 apud
1069 908 1275 939 Meinekium
1301 911 1416 951 Pragg.
1444 910 1561 940 Graec.
1588 911 1708 941 (omic.
1722 911 1781 941 ΙΙΙ
1798 923 1825 949 p.
1843 913 1912 942 19).
1938 912 2029 942 πολ-

232 952 307 1002 λῶ]
329 954 460 982 κακῶν
483 949 543 1001 γάρ
567 950 654 982 ἐστιν
678 948 777 1001 ἀρχή
801 952 846 980 τῶ
870 949 943 990 βίῳ.
990 951 1146 980 Eiusdem
1182 955 1314 991 generis
1339 960 1387 982 est
1413 953 1497 990 quod
1521 952 1623 984 Thuc.
1648 952 1689 982 ll.
1716 964 1742 983 c.
1767 953 1815 983 12
1849 954 1944 984 habet
1973 952 2031 995 ν’δε

239 991 247 1003 ‘
232 991 381 1043 ηνῗμέρα
405 996 473 1030 τοῖς
483 976 621 1044 Ἕλλησι
644 981 835 1033 μεγάλων
848 993 975 1022 κακῶν
999 988 1111 1044 ἷὶρξει
1135 993 1188 1022 ubi
1215 995 1287 1023 xide
1312 995 1449 1032 inter-,pp
1475 1002 1506 1023 et
1531 994 1653 1025 Herod.
1678 993 1734 1025 VI.
1760 1006 1784 1025 c.
1808 997 1857 1026 67.
1873 993 2031 1034 τὴνεπει-

229 1019 372 1078 ριύτησιν
390 1034 507 1077 ταύτην
531 1032 669 1084 ἄρξειν
690 1033 990 1066 Λακεδαιιιοιιόισι
1015 1032 1035 1076 ἢ
1057 1033 1201 1076 μυρίης
1223 1034 1445 1077 κακότητος
1469 1049 1485 1077 r
1510 1036 1632 1078 μυρίης
1654 1034 1874 1077 εὖδαιμονιᾝης
1888 1055 1929 1059 ——
1951 1037 2030 1068 Var.

231 1079 320 1130 Ηίεῐ).
352 1078 376 1109 Ι.
403 1080 452 1109 36.
477 1060 543 1110 {iac}
566 1076 694 1129 μάχης
717 1076 852 1109 ἐλθεῖν
876 1078 961 1107 dixit
986 1079 1253 1116 quemadmodum
1280 1077 1384 1108 Thur.
1409 1078 1451 1109 Il.
1476 1089 1502 1109 c.
1528 1081 1576 1110 ll.
1603 1061 1781 1121 ἀσφάλεια
1810 1079 1919 1120 πολλὴ
1947 1075 2031 1111 εἶναι

229 1120 274 1161 μὴ
299 1118 337 1151 ἂν
360 1120 496 1152 ἐλθεῖν
519 1132 595 1158 τους
617 1118 783 1157 &marim-g
807 1117 891 1159 ἡμῖν
916 1118 981 1150 διὰ
1003 1118 1141 1170 μάχης.
1166 1120 1305 1150 Locutio
1334 1122 1417 1151 redit
1446 1122 1530 1161 apud
1555 1121 1929 1153 Thuc.1V.c.92.—
1952 1121 2031 1154 Ver.

231 1163 321 1193 Hist.
348 1163 374 1193 Ι.
399 1165 449 1195 37.
485 1162 540 1194 καὶ
574 1162 792 1203 συιιμίξαιτες
824 1163 938 1203 θιιιῶ
972 1162 1033 1193 καὶ
1067 1159 1179 1213 ῥώμη
1215 1160 1507 1194 ὁιεκιιὸυνευοιιενε
1538 1171 1706 1203 utramque
1731 1175 1841 1194 vocem
1867 1163 2032 1202 copulavit

231 1205 338 1238 Thuc.
361 1205 387 1237 Ι.
413 1217 439 1236 c.
464 1208 516 1236 49.
540 1207 654 1247 θυμῶ
677 1204 744 1236 καὶ
768 1205 878 1255 ρωμη
902 1205 938 1235 τὸ
964 1204 1064 1236 πλέον
1087 1202 1287 1244 έναι-μάχοιν
1312 1218 1329 1247 η
1354 1203 1531 1256 ἐπιστημη.
1555 1224 1598 1228 -—
1621 1206 1702 1236 Ver.
1728 1205 1817 1238 Hist.
1842 1206 1868 1238 Ι.
1887 1207 1936 1238 38.
1952 1205 2026 1238 ἐκεί-

230 1259 285 1289 νην
308 1247 364 1287 τὴν
388 1245 509 1289 ἶ-μεραν
533 1248 587 1279 καὶ
610 1249 667 1288 τὴν
690 1245 788 1278 νύκτα
811 1244 1120 1288 ἐπηυλισάμεθα
1149 1249 1188 1289 τῆ
1216 1246 1305 1299 μάχη
1336 1260 1390 1279 και
1414 1246 1613 1300 τρόπαιον
1639 1246 1866 1298 ἐστήσαμεν
1891 1250 2030 1280 referam

231 1291 380 1329 equidem
407 1292 445 1321 ad
470 1290 574 1323 Thuc.
599 1289 656 1321 IV.
682 1301 707 1320 c
736 1290 805 1321 134.
830 1289 1087 1341 διαφθαρέντων
1111 1291 1244 1321 πολλῶν
1268 1288 1438 1343 ἑκατέροις
1461 1290 1516 1322 καὶ
1539 1273 1740 1332 ἀγχωμάλου
1768 1293 1826 1333 τῆς
1847 1289 1955 1342 μάχης
1977 1304 2031 1333 γε·

229 1333 367 1376 νομένης
389 1333 444 1364 καὶ
468 1330 675 1375 ἇφελομέιης
698 1332 810 1369 merzig
833 1331 869 1363 τὸ
894 1331 988 1373 ἔργον
1011 1344 1041 1364 οι
1074 1334 1234 1372 Τεγεᾶται
1264 1330 1530 1386 ἐπηυλζσαντό
1566 1346 1600 1365 τε
1634 1333 1689 1364 καὶ
1724 1330 1826 1371 εὐθὺς
1858 1333 2032 1376 ἔστησαν

229 1377 440 1429 τροπαῖον.
464 1393 505 1397 —-
539 1374 616 1407 Ver.
642 1375 732 1406 Hist.
758 1374 782 1405 Ι.
807 1375 856 1405 38,
892 1375 934 1406 τὸ
969 1374 1038 1415 μὲν
1073 1374 1204 1413 δεξιὸν
1239 1375 1356 1417 κέρας
1390 1374 1548 1415 ἔχοντες
1581 1373 1613 1407 οὶ
1649 1377 1885 1428 Ταριχᾶνες..
1910 1378 1952 1408 τὸ
1988 1376 2031 1409 δὲ

230 1416 431 1457 ειῗωνυμον
454 1415 485 1449 οἶ
512 1417 773 1469 Θυννοκέφαλοι,
809 1416 850 1448 τὸ
867 1417 1007 1469 μέσον
1021 1417 1062 1449 δὲ
1086 1416 1115 1449 οἳ
1140 1418 1182 1448 Κ.
1207 1418 1296 1450 Xen.
1323 1418 1425 1449 Anah.
1452 1419 1477 1450 l.
1503 1420 1531 1449 2.
1559 1419 1607 1449 14.
1631 1415 1712 1457 εἶχε
1741 1418 1781 1450 δὲ
1804 1418 1846 1450 τὸ
1870 1418 1940 1458 μὲν
1964 1420 2030 1451 δε-

230 1459 316 1497 ξιὸν
340 1460 462 1492 ῙΙΙένων
485 1460 538 1491 καὶ
562 1459 593 1491 οἶ
616 1472 673 1492 συν
697 1457 800 1502 αιτῶ,
836 1458 878 1490 τὸ
904 1460 945 1492 δὲ
969 1457 1171 1499 εἰώνυιιον
1194 1460 1366 1512 Κλέαρχος
1394 1460 1447 1492 καὶ
1473 1473 1503 1492 οι
1527 1459 1668 1500 ἐκείνου,
1704 1459 1747 1492 τὸ
1778 1460 1819 1493 δὲ
1845 1461 1970 1501 μέσον
1999 1473 2031 1493 οι

230 1500 325 1535 α’λλοι
350 1502 536 1545 στρατηγοί,
584 1502 666 1534 Ibid.
691 1500 938 1553 τρεψάμενοι
963 1499 990 1533 ὁ)
1017 1500 1192 1540 αὐτοῖς.
1217 1527 1224 1533 .
1249 1504 1303 1535 καὶ
1327 1501 1650 1541 καταδιώξαντες
1673 1503 1705 1541 ἐς
1728 1502 1783 1542 τὴν
1805 1501 1886 1545 ἴλην
1908 1517 1935 1537 κ.
1955 1516 1981 1535 τ.
2000 1504 2030 1535 λ.

228 1547 335 1577 Thuc.
361 1545 384 1578 Ι.
411 1557 436 1577 e.
460 1547 509 1576 49.
536 1557 682 1582 αυτους
704 1544 946 1594 τρεψάμενοι
972 1544 1039 1576 καὶ
1062 1543 1385 1583 καταδιώξαντες
1409 1544 1592 1597 σποράδας
1602 1545 1641 1583 ἐς
1663 1558 1720 1587 τιν
1743 1543 1879 1587 η’πειρον
1903 1559 1929 1579 κ.
1954 1558 1980 1577 τ.
2003 1547 2032 1577 λ.

230 1607 268 1611 -
294 1587 370 1618 Ver.
394 1587 482 1618 Hist.
506 1587 530 1617 I.
557 1587 605 1619 41.
632 1600 663 1618 αι
687 1587 722 1619 δὲ
746 1585 1007 1627 συμπλεκόμεναι
1031 1591 1196 1639 καρτερῶς
1219 1587 1441 1640 διηφμωνιζοντο
1466 1588 1530 1619 καὶ
1554 1585 1595 1619 οὗ
1618 1574 1768 1630 ρᾳὸίως
1792 1576 2030 1620 ἀπελύοντο.

230 1631 408 1661 novissima
433 1638 509 1660 sunt
533 1630 735 1671 Thucydidis
760 1631 784 1660 l.
813 1642 836 1660 c.
862 1631 912 1660 19
939 1629 1055 1670 ἐπειδὴ
1085 1628 1314 1679 προςβάλοιεν,
1350 1629 1520 1681 ἀλληλοις,
1550 1643 1590 1662 ου
1613 1629 1771 1681 ραὸιιυς
1800 1628 2030 1663 απελύοντο.

227 1690 268 1695 --
296 1672 370 1703 Ver.
397 1672 486 1724 Hjist.
511 1672 535 1703 I.
560 1642 869 1703 42.y2aw.91'·01>012·
903 1670 989 1714 ἀμφὶ
1022 1673 1081 1710 τὰς
1115 1685 1312 1713 πεντηκοντα
1347 1673 1400 1704 καὶ
1425 1671 1542 1705 ἑκατὸν
1565 1673 1618 1704 καὶ
1643 1674 1747 1709 ιιλλας
1769 1675 1856 1715 τρεῖς
1879 1671 2031 1713 λαμβά-

229 1726 366 1746 νουσιν
390 1712 436 1745 αι’
446 1718 527 1751 mig
551 1712 755 1755 ἀνδράσιν
781 1728 817 1746 αι
843 1714 884 1746 δὲ
908 1715 1049 1746 λοιπαι
1073 1728 1100 1745 κ.
1126 1728 1152 1746 τ.
1179 1716 1205 1745 λ.
1233 1717 1304 1754 quis
1329 1718 1454 1755 estqui
1481 1726 1543 1746 non
1570 1717 1677 1746 videat
1702 1716 1752 1747 his
1778 1703 2029 1746 similitudinem

229 1768 303 1788 esse
328 1768 398 1787 cum
424 1757 526 1788 Thuc.
551 1757 610 1788 IV.
627 1769 652 1788 c.
669 1759 716 1789 14.
740 1757 795 1788 καὶ
818 1756 1046 1795 ἐπιὸιώκοιτες
1070 1755 1114 1795 ὡς
1136 1758 1191 1789 διὰ
1203 1759 1341 1806 βραχέος
1364 1758 1510 1800 ἑτρωσαν
1533 1758 1592 1797 μὲν
1616 1758 1751 1795 πολλὰς,
1775 1758 1872 1789 πέντε
1897 1755 1924 1789 d'
1945 1756 2030 1789 ἐλα-

227 1802 295 1839 βον
329 1799 383 1830 καὶ
414 1798 492 1839 μίαν
514 1797 636 1831 τούτων
671 1797 801 1837 αὐτοῖς
823 1797 1008 1850 ἀιδράσι·
1040 1803 1127 1837 ταῖς
1156 1801 1197 1832 δέ
1226 1801 1437 1838 λοιπαῖςκ
1462 1813 1489 1832 τ.
1515 1801 1542 1833 λ.
1566 1818 1607 1822 —-
1655 1800 1747 1837 Quae
1772 1800 2028 1851 subsequuntur.

229 1854 263 1874 αι
286 1842 322 1874 δὲ
345 1841 460 1873 λοιπαὶ
479 1841 672 1893 πρύμιαι
686 1840 972 1892 κρουσάμεναι,
998 1854 1035 1872 ea
1060 1852 1232 1874 manarunt
1257 1843 1366 1882 procul
1391 1843 1488 1874 dubio
1513 1855 1529 1874 e
1553 1842 1885 1875 Thuc.V1[.c.40.
1914 1855 1941 1874 οι
1965 1844 2028 1874 Συ-

228 1883 378 1926 ρακόσιοι
412 1882 570 1927 εξαίφιης
599 1883 778 1926 πρύμναι
807 1883 1071 1925 κροισάμενοι
1095 1884 1196 1916 πάλιν
1220 1886 1304 1926 πρὸς
1327 1898 1384 1916 τιν
1409 1884 1506 1917 πόλιν
1530 1885 1700 1917 επλευσαν
1747 1885 1845 1916 Conf.
1869 1885 1975 1917 Thuc.
2001 1886 2026 1917 1.

229 1937 256 1958 c.
272 1930 327 1962 54·
339 1927 610 1968 111.c.78;v.1{
625 1939 649 1958 c.
666 1927 832 1965 703v111.
849 1939 874 1958 c.
892 1929 941 1959 40.
956 1945 997 1949 -
1022 1926 1145 1963 Quodsn
1160 1928 1361 1959 Lucianusl
1376 1941 1401 1959 c.
1412 1930 1455 1959 ita
1471 1937 1591 1970 pergit
1606 1926 2028 1969 τραπόμενοςπρὸςτᾶ

229 1968 399 2009 ναυάγια
434 1971 509 2000 τῶν
538 1968 740 2001 πλείστων
764 1969 1045 2012 ἐπεκράτησαν
1069 1970 1123 2002 καὶ
1146 1970 1184 2001 τὰ
1211 1969 1336 2002 ἑαυτῶν
1359 1968 1539 2009 ανείλοντο,
1565 1973 1676 2001 animo
1701 1972 1770 2001 eius
1796 1970 2028 2001 obversabatur

230 2013 377 2041 narratio
403 2012 583 2043 consimilis
609 2012 666 2043 illa
691 2013 897 2052 Thucydidis
923 2013 947 2043 Ι.
974 2025 998 2044 c.
1024 2015 1072 2044 50.
1098 2013 1199 2055 πρὸς
1223 2026 1267 2044 τα
1291 2013 1461 2052 ναυάγια
1486 2015 1539 2046 καὶ
1564 2026 1637 2051 τοις
1660 2025 1790 2055 νεκροις
1812 2024 1887 2050 τοις
1909 2012 2029 2064 σφετέ-

228 2065 303 2095 ρους
327 2051 549 2095 ετράποντο
573 2067 627 2086 και
651 2058 724 2086 τῶν
748 2056 950 2087 πλειστων
973 2053 1210 2105 εκράτησαι.
1228 2073 1263 2079 -
1289 2055 1364 2087 Ver
1389 2056 1477 2088 Hist.
1493 2057 1517 2087 Ι.
1544 2058 1592 2087 42.
1616 2056 1787 2098 ἔστησαν
1810 2055 1845 2087 δὲ
1869 2055 1922 2086 καὶ
1944 2052 2028 2096 τρό-

229 2108 351 2127 παιον
373 2098 430 2135 τῆς
453 2097 634 2136 ιαιμαχιάς
656 2095 719 2149 ἐπὶ(
744 2100 787 2139 τῆ
811 2099 964 2140 κεφαλῇ
988 2101 1042 2129 τοῦ
1067 2097 1196 2138 κήτους·
1221 2099 1391 2130 cavillatur
1414 2100 1582 2130 Lucianus
1608 2098 1706 2130 verba
1730 2098 1936 2138 Thucydidis
1961 2097 1985 2128 Ι.
2000 2108 2026 2127 c.

230 2140 279 2169 30.
303 2138 386 2178 μετὰ
409 2151 466 2180 την
489 2139 670 2180 ναυμαχίαν
693 2153 720 2172 οι
746 2143 941 2182 Κερκιραῖοι
966 2144 1157 2183 τροπαῖον
1181 2152 1249 2183 στη
1259 2153 1401 2179 σαντες
1430 2154 1496 2174 επι
1525 2154 1568 2184 τη
1592 2140 1811 2184 Λευκίμμῃ
1833 2142 1901 2182 τῆς
1925 2141 2026 2182 Κερ-

330 2250 357 2276 A)
378 2249 420 2274 Ex
444 2249 486 2273 his
505 2249 569 2274 alii:
558 2257 626 2281 que
645 2250 715 2275 locis
735 2257 852 2283 apparet
872 2251 1015 2277 formulam
1037 2252 1113 2278 illam
1132 2252 1167 2277 de
1187 2252 1221 2276 iis
1241 2253 1286 2284 qni
1309 2252 1472 2293 participes
1481 2251 1543 2277 fieri
1565 2252 1665 2277 vellem
1684 2257 1730 2276 aut
1749 2255 1874 2278 coloniae
1885 2251 2026 2276 deducen-

227 2281 280 2306 dae
298 2287 344 2307 aut
363 2283 555 2315 expeditionis
573 2284 767 2316 suscipiendae
786 2289 926 2311 solennem
946 2286 1045 2312 fuisse:
1085 2286 1166 2312 Diod
1187 2288 1240 2311 ΧΠ
1270 2285 1510 2326 ς.10.ἒκηρυξαν
1529 2308 1534 2312 .
1547 2306 1552 2311 .
1572 2284 1812 2325 κοινοποιούμενοι
1831 2285 1878 2318 τὴν
1896 2284 2026 2310 ἀποικίαν

228 2315 263 2348 τῷ
281 2317 440 2349 βουλοιιενῳ
458 2319 581 2350 μετέχειν
599 2318 643 2349 τῆς
661 2317 795 2347 ἀποικίας.
833 2319 934 2345 Herod
957 2320 1008 2345 Vl.
1029 2329 1053 2346 c
1072 2319 1113 2346 36.
1129 2319 1282 2352 Ἀθηναίων
1302 2319 1347 2346 τὸν
1364 2319 1534 2354 βουλόμενον
1551 2322 1674 2353 μετέχειν
1693 2320 1740 2345 τοῦ
1759 2318 1863 2345 στόλου.
