2318 2945
1096 271 1142 301 17

235 370 396 402 videretur
429 373 573 412 quamvis
607 373 809 403 oflensionem
845 373 1001 412 quandam
1032 372 1116 414 apud
1141 372 1222 402 viros
1246 371 1354 403 doctos
1378 371 1476 402 vitare
1499 382 1558 402 non
1583 376 1705 411 posset,
1740 382 1798 401 non
1822 379 1887 403 erat
1911 380 2015 404 tamen

235 413 318 454 quod
354 414 393 444 ad
427 415 624 446 coniecturas
658 416 864 456 confugerent
898 426 976 455 quas
1011 422 1167 446 tentarunt
1202 412 1346 445 Geistius
1376 425 1447 445 cum
1475 413 1506 443 in
1529 415 1627 454 praef.
1652 424 1682 453 p.
1707 411 1769 444 XI.
1798 414 1937 455 διψάκου
1959 421 2014 445 aut

238 457 380 498 διψάδος
402 468 456 498 pro
480 457 577 499 δίψης
599 458 798 488 scribendum
822 458 1034 498 suspicaretur
1063 464 1156 498 atque
1179 456 1363 488 Dindorfius
1387 467 1456 488 cum
1481 456 1511 486 in
1534 454 1631 497 praef.
1655 466 1683 496 p.
1708 453 1802 487 XVI.
1824 457 1924 498 δείσης
1946 467 2015 487 cor-

236 500 340 540 rigere
363 499 464 531 vellet.
509 501 609 532 Immo
633 511 706 531 vero
729 506 776 531 est
800 510 911 530 nomen
934 500 1010 530 illud
1033 500 1124 541 plane
1147 499 1369 530 removendum
1390 498 1529 530 etaltera
1542 497 1697 538 scriptura
1712 497 2016 539 {Mos-adoptanda,

236 543 439 582 quantumvis
472 542 557 573 tenui
592 543 649 573 sit·
666 542 915 573 membranarum
950 543 1143 573 auctoritate.
1190 542 1239 572 Ac
1264 540 1407 573 Geistius
1431 540 1558 581 quidem
1581 539 1749 581 imaginem
1775 540 2015 580 pulcherrimam

236 584 321 615 iliar'n
344 595 438 625 quam
462 584 626 616 Lucianus
649 583 708 615 hoc
732 585 799 615 loco
823 584 1021 615 adumbravit
1044 596 1103 615 non
1128 584 1290 622 intellexit,
1324 595 1396 615 cum
1419 595 1478 614 non
1504 590 1567 613 tam
1591 582 1630 613 de
1652 581 1776 613 carduis
1800 592 1837 612 ac
1855 582 2015 623 vepribus,

237 627 352 668 quibus
377 627 476 658 solum
499 627 661 667 impletum
685 634 748 664 est,
773 637 874 658 sermo
899 628 949 663 sit,
983 638 1075 668 quam
1101 627 1139 657 de
1163 627 1238 657 limo
1260 627 1312 667 qui
1336 633 1503 668 postquam
1527 635 1663 666 perenne
1686 636 1722 655 ac
1746 623 1904 655 turbidum
1928 625 2018 656 volu-

235 669 332 711 ptatis
366 669 482 700 fiumen
516 669 668 700 adulterio
696 669 827 699 avaritia
850 670 986 710 periurio
1010 668 1231 700 comitantibus
1255 669 1374 710 proruit
1396 669 1598 708 animumque
1621 666 1831 698 circumfluxit
1854 674 1885 697 et
1907 667 2017 704 tenuit,

237 711 365 743 relictus
389 711 546 743 radicibus
569 710 775 742 verecundiae
798 712 922 743 virtutis
947 712 1084 743 iustitiae
1107 712 1214 748 erutis,
1239 718 1363 753 partum
1387 712 1481 741 animi
1506 711 1606 741 solum
1631 709 1772 740 ubertate
1796 720 1853 740 sua
1869 709 1913 739 ita
1931 716 2018 740 satu-

236 759 296 791 rat,
321 762 355 785 ut
378 755 461 785 ferae
485 754 672 795 cupiditates
689 753 800 784 laetius
814 754 974 795 pullulent.
1022 754 1143 785 Eadem
1167 755 1230 784 iere
1253 754 1372 785 ratione
1393 753 1585 784 intellectum
1604 752 1662 783 loci
1680 753 1762 794 cepit
1780 752 1840 782 iam
1855 750 2017 782 Sommer-

237 796 386 828 brodtius.
434 797 486 828 Ad
520 807 587 827 eam
617 803 723 827 autem
746 797 916 837 imaginem
940 808 1012 828 vere
1035 808 1072 827 ac
1095 799 1232 838 perfecte
1255 796 1489 837 exprimendam
1515 795 1647 826 multum
1671 794 1807 825 nominis
1830 794 1895 831 ἰλὺς
1919 794 2018 835 signi-

232 838 338 870 ficatio
373 840 506 876 confert,
541 849 603 878 qua
636 837 713 869 nihil
747 839 850 880 aptius
882 840 1009 880 cogitari
1039 846 1152 881 potest.
1196 838 1278 870 Nam
1302 839 1369 876 ι’λυς
1391 849 1502 870 nomen
1526 837 1791 878 quemadmodum
1815 837 1853 867 de
1877 836 2017 867 cuiusvis

234 882 358 923 generis
392 881 573 912 sedimentis
607 881 651 911 ita
685 881 723 912 de
757 889 970 913 crassamento
998 882 1164 912 fluviorum
1194 888 1224 912 et
1259 882 1409 923 paludum
1438 881 1467 911 in
1493 892 1551 911 usu
1575 880 1674 911 fuisse
1697 880 1789 910 docet
1813 878 1953 911 Lobeck.
1977 878 2018 909 ad

235 923 354 965 Phryn.
378 935 405 964 p.
421 925 468 955 72.
493 934 559 964 sqq.
605 923 746 954 Praeivit
765 924 826 954 iam
851 924 945 956 Hom.
970 924 1003 956 Il.
1017 924 1118 955 XXI.
1135 925 1204 956 318,
1228 925 1267 955 τὰ
1289 925 1399 963 τεύχεα
1421 924 1502 955 καλοὶ
1525 924 1564 954 τά
1587 935 1650 954 που
1672 922 1761 963 μα’λα
1784 923 1887 953 νειόθι
1910 922 2018 963 λίμνης

234 968 350 998 κείσεθ’
371 966 426 998 ὑπ’
447 966 533 1003 ἰλύος
554 967 783 1007 κεκαλυμμένα,
807 978 845 997 ex
868 978 930 1007 quo
954 967 1023 997 loco
1046 978 1155 997 vocem
1179 967 1313 997 Luciani
1337 967 1441 997 animo
1458 966 1658 1002 obversatam
1677 975 1746 995 esse
1764 964 1839 995 satis
1855 964 2018 1004 probabile

234 1009 358 1040 videtur
373 1010 420 1046 ¹²).
467 1006 571 1046 Quam
607 1009 646 1039 ob
680 1020 746 1040 rem
780 1009 810 1039 in
840 1010 1026 1039 sententiam
1055 1009 1188 1049 pedibus
1217 1020 1253 1040 eo
1277 1008 1541 1040 Sommerbrodtii
1574 1008 1627 1048 qui
1661 1007 1824 1038 lectionem
1853 1007 1939 1043 ἰλύος
1962 1017 2018 1048 pro

234 1052 332 1093 δίψης
353 1051 383 1080 in
407 1057 587 1082 contextum
612 1051 794 1083 introduxit.
843 1051 999 1082 Dindorfii
1023 1057 1127 1081 autem
1152 1052 1330 1082 coniectura
1353 1051 1454 1093 δείσῃς
1476 1051 1502 1081 si
1526 1057 1650 1091 spectas
1675 1049 1721 1080 vir
1743 1049 1944 1080 doctissimus
1968 1048 2019 1079 hic

234 1094 332 1125 invita
357 1092 502 1123 Minerva
525 1102 672 1135 operatus
696 1105 766 1124 esse
790 1093 912 1124 videtur
936 1104 1007 1124 cum
1031 1092 1063 1122 id
1087 1104 1200 1123 nomen
1223 1093 1307 1133 apud
1332 1093 1452 1123 nullum
1476 1100 1614 1123 veterem
1639 1092 1821 1132 scriptorem
1845 1091 2022 1121 inveniatur

234 1136 289 1168 sed
312 1134 377 1166 sola
400 1137 679 1176 grammaticorum
704 1136 888 1166 auctoritate
911 1136 1038 1166 nitatur.
1081 1135 1116 1166 In
1142 1142 1323 1166 transcursu
1347 1146 1485 1166 memoro
1508 1134 1642 1165 eundem
1661 1133 1965 1164 Sommerbrodtium
1989 1134 2021 1163 in

235 1178 337 1210 verbis
361 1189 441 1218 quae
463 1178 567 1220 paullo
591 1187 663 1210 ante
687 1179 851 1219 leguntur:
884 1181 1108 1217 συνειςέρχεται
1140 1178 1199 1219 γὰρ
1228 1180 1352 1218 μοιχεία
1379 1181 1430 1208 καὶ
1453 1177 1646 1219 φιλαργυρία
1668 1179 1720 1206 καὶ
1743 1176 1887 1216 ἐπιορκία
1910 1179 1962 1206 καὶ
1984 1176 2019 1206 τὰ

234 1223 356 1252 τοιοῦτο
381 1221 484 1262 φῦλον
506 1224 568 1253 τῶν
590 1221 712 1263 ἡδονῶν
734 1221 859 1252 dedisse
882 1223 917 1266 τῇ
941 1220 1037 1263 ἡδονῇ
1061 1231 1116 1262 pro
1140 1222 1201 1251 τῶν
1224 1219 1347 1262 ἡδονῶν
1371 1219 1455 1260 quod
1474 1218 1677 1251 Schmiedero
1696 1224 1865 1259 praeeunte
1877 1224 1911 1248 ut
1924 1218 2020 1248 inter-

232 1269 461 1305 pretamentum
485 1264 655 1294 eliminavit
681 1262 834 1295 Geistius.

347 1304 470 1346 Nigrin.
485 1317 510 1338 c.
524 1307 574 1338 31.
597 1307 631 1338 τὸ
655 1307 689 1338 δὲ
713 1308 747 1338 ἐν
769 1308 866 1348 καιρῷ
888 1309 940 1337 καὶ
962 1306 1042 1336 κατὰ
1065 1306 1160 1347 φύσιν
1183 1304 1224 1342 ὦς
1238 1305 1358 1342 εὐτελὲς
1379 1303 1672 1346 ὑπερηφανοῦντας·
1698 1303 1826 1339 τούτους
1847 1304 1927 1333 εἶναι
1950 1302 2021 1340 τούς

234 1352 287 1379 καὶ
308 1348 348 1379 τὰ
370 1351 456 1391 μύρα
478 1352 630 1387 πίνοντας
652 1351 671 1381 ὃ
692 1353 744 1380 καὶ
765 1349 902 1390 μάλιστα
925 1348 1065 1389 διέσυρεν
1087 1348 1191 1379 αὐτῶν
1215 1348 1261 1379 ὅτι
1283 1348 1360 1389 μηδὲ
1383 1349 1522 1389 χρῆσθαι
1544 1348 1630 1377 ἴσασι
1651 1351 1720 1382 ταῖς
1736 1346 1932 1385 ἐπιθυμίαις.
1965 1344 2020 1376 Sic

233 1390 326 1422 hodie
360 1391 476 1432 legitur
509 1392 561 1423 hic
594 1393 681 1423 locus
716 1393 745 1422 in
781 1391 971 1422 editionibus
1002 1390 1207 1421 Dindorfiana
1236 1397 1266 1421 et
1289 1389 1513 1421 Iacobitziana.
1559 1390 1734 1429 Pei-peram.
1780 1386 1925 1428 Namque
1948 1398 2022 1418 cum

238 1433 334 1464 verba
356 1436 485 1471 τούτους
507 1437 588 1466 εἶναι
609 1435 681 1473 τοὺς
703 1439 754 1466 καὶ
776 1435 816 1465 τοὶ
837 1434 924 1476 μύρα
947 1437 1097 1471 πίνοντας
1120 1433 1158 1463 ad
1183 1433 1327 1474 superius
1350 1432 1506 1464 enunciati
1526 1431 1702 1462 membrum
1716 1437 1821 1472 aperte
1834 1430 2021 1470 pertineant,

235 1475 372 1507 absurda
405 1477 648 1519 interpungendi
681 1478 760 1508 ratio
796 1484 892 1508 totam
927 1477 1111 1507 sententiam
1146 1475 1378 1516 quodammodo
1412 1474 1605 1516 pessumdat.
1673 1472 1779 1503 Maius
1813 1472 2022 1503 distinctionis

236 1518 362 1560 signum
386 1521 453 1551 sine
475 1520 572 1551 dubio
596 1521 690 1551 etiam
714 1528 785 1561 post
808 1519 1007 1561 participium
1031 1522 1182 1555 πίνοντας
1204 1518 1421 1549 collocandum
1444 1524 1507 1554 est,
1533 1523 1567 1547 ut
1592 1514 1735 1546 Geistius
1758 1515 1848 1552 fecit,
1872 1521 1902 1546 et
1926 1515 2021 1546 levis-

201 1573 205 1577 *
237 1561 316 1593 sima
338 1573 375 1593 ac
396 1562 481 1593 nulla
503 1574 603 1604 paene
627 1563 798 1594 mutatione
821 1562 880 1593 loci
903 1562 1114 1603 integritatem
1139 1561 1324 1598 restitueris,
1349 1560 1375 1591 si
1392 1559 1546 1600 particula
1569 1562 1621 1589 καὶ
1645 1558 1832 1597 transposita
1845 1557 2021 1599 scripseris:

238 1607 433 1642 πίνοντας·
456 1610 519 1636 καὶ
542 1608 561 1637 ὂ
582 1606 749 1647 μάλιστα
772 1606 951 1647 διέσυρεν
973 1604 1098 1636 αὐτῶν
1121 1605 1178 1635 ὅτι
1199 1604 1304 1634 κ.τ.λ.
1328 1602 1411 1644 quod
1435 1602 1545 1633 eodem
1568 1611 1697 1642 prorsus
1716 1600 1809 1631 modo
1821 1599 1941 1631 dictum
1963 1606 2021 1636 est,

243 1648 400 1688 quomodo
423 1659 447 1679 c.
472 1649 522 1680 24.
545 1653 607 1679 καὶ
630 1650 648 1680 ὃ
668 1649 842 1689 μάλιστα
867 1648 1070 1687 ἀγανακτῶ
1093 1648 1152 1678 ὅτι
1175 1671 1182 1677 .
1207 1671 1213 1677 .
1238 1645 1322 1677 Dial.
1346 1644 1545 1677 Marin.ll.4'.
1569 1647 1632 1675 καὶ
1655 1644 1673 1674 ὃ
1695 1643 1866 1683 μάλιστα
1889 1643 2023 1685 ἠνίασέ

238 1702 285 1729 με
308 1691 368 1721 ὅτι
391 1715 399 1722 ,
422 1715 430 1722 .
453 1698 483 1721 et
506 1691 623 1722 omisso
658 1692 704 1723 ὅτι
739 1691 822 1723 Dial.
847 1690 942 1722 Deor.
966 1690 995 1721 ll.
1022 1691 1050 1722 -i,
1085 1694 1147 1720 καὶ
1181 1690 1200 1721 ὅ
1233 1698 1271 1720 σε
1304 1689 1419 1720 λυπεῖ
1444 1687 1630 1728 μάλιστα,
1663 1690 1715 1716 καὶ
1744 1685 1831 1727 φιλεῖ
1856 1686 1945 1727 ἥδιον
1967 1686 2024 1716 τοῦ

240 1735 397 1774 νέκταρος.
442 1733 551 1773 Atque
585 1734 628 1764 ita
662 1733 787 1775 quidem
821 1734 850 1764 in
882 1745 939 1764 sua
962 1732 1097 1764 editione
1120 1732 1222 1763 locum
1246 1737 1330 1762 recte
1354 1730 1527 1761 construxit
1549 1728 1834 1761 Sommerbrodtius
1857 1728 1909 1768 qui
1932 1729 1963 1757 in
1987 1738 2024 1758 ea

240 1781 344 1806 tamen
378 1786 410 1807 re
444 1784 541 1815 errat,
577 1776 660 1816 quod
695 1776 888 1807 certissimae
922 1775 1004 1807 illius
1038 1774 1264 1806 emendationis
1293 1773 1428 1813 vestigia
1456 1772 1496 1803 ab
1519 1772 1587 1813 ipso
1611 1771 1737 1801 inventa
1759 1781 1828 1801 esse
1852 1769 2025 1812 profitetur.

239 1818 340 1849 Immo
363 1818 424 1849 iam
448 1819 570 1860 pridem
593 1827 664 1850 ante
687 1831 758 1850 eum
783 1830 891 1851 verum
916 1818 991 1858 quid
1015 1824 1109 1855 esset,
1134 1818 1253 1859 primus
1277 1816 1354 1847 vidit
1377 1814 1575 1846 Fritzschius
1598 1814 1629 1843 in
1647 1812 1915 1852 Quaest.Lucian
1929 1824 1958 1854 p.
1973 1813 2024 1844 44.

240 1857 389 1891 Ceterum
426 1861 573 1901 quoniam
603 1864 666 1893 fors
694 1862 763 1893 tulit
786 1869 821 1893 ut
844 1862 874 1892 in
899 1862 966 1892 eius
990 1860 1135 1891 dictionis
1158 1860 1347 1890 mentionem
1372 1858 1541 1889 inciderem
1564 1856 1616 1887 tali
1641 1855 1877 1886 enunciatorum
1901 1854 2024 1886 confor-

238 1903 374 1934 matione
413 1904 678 1944 quemadmodum
704 1904 867 1936 Lucianus
891 1915 968 1935 usus
992 1903 1047 1940 sit,
1083 1914 1142 1934 non
1167 1902 1303 1934 alienum
1327 1901 1385 1933 erit
1407 1900 1513 1942 paullo
1536 1899 1713 1930 accuratius
1737 1898 1936 1940 perscrutari.
1981 1897 2026 1928 Et

246 1945 380 1986 primum
405 1946 532 1986 quidem
557 1947 596 1978 ab
619 1947 657 1978 iis
680 1947 757 1978 locis
786 1946 970 1979 ordiendum
1004 1945 1127 1977 videtur
1153 1945 1183 1975 in
1207 1945 1321 1986 quibus
1346 1946 1446 1975 forma
1468 1941 1695 1973 enunciationis
1719 1942 1783 1972 sive
1807 1941 1955 1971 relativae
1978 1946 2027 1971 est

243 1995 372 2019 naturae
406 1990 473 2020 sive
506 1989 773 2021 demonstrativae
806 1989 952 2021 omnibus
988 1988 1053 2019 suis
1081 1988 1220 2019 numeris
1249 1994 1280 2018 et
1306 1987 1449 2028 partibus
1484 1985 1608 2026 expleta
1641 1984 1797 2014 invenitur
1820 1984 1863 2014 ita
1887 1990 1920 2014 ut
1943 1981 2028 2024 quod

249 2030 464 2071 explicationis
488 2043 601 2063 caussa
625 2033 828 2074 subsequitur
856 2032 1057 2063 enunciatum
1081 2040 1135 2062 aut
1158 2029 1320 2071 particulis
1344 2030 1391 2061 ὅτι
1412 2028 1461 2059 vel
1483 2028 1542 2070 γὰρ
1564 2026 1780 2058 introducatur
1801 2026 1850 2056 vel
1874 2025 2028 2056 infinitivo

248 2071 395 2104 efferatur
426 2081 480 2105 aut
515 2076 580 2106 sine
614 2075 677 2106 ulla
710 2075 864 2117 particula
899 2074 1093 2106 subiiciatur.
1138 2073 1262 2104 Harum
1290 2072 1386 2114 igitur
1408 2071 1599 2102 locutionum
1624 2069 1739 2100 classes
1763 2069 1908 2100 existimo
1931 2067 2028 2099 statui

248 2125 341 2157 posse
363 2123 426 2147 tres
450 2127 582 2157 quarum
603 2119 705 2160 prima
727 2130 781 2150 eos
804 2119 890 2150 locos
914 2115 1157 2158 comprehendet
1179 2116 1210 2146 in
1228 2115 1343 2157 quibus
1364 2125 1534 2156 pronomen
1557 2111 1837 2143 demonstrativum
1862 2111 2028 2142 transitum

242 2157 283 2188 ad
324 2158 574 2191 enunciationem
610 2172 703 2201 quam
731 2161 838 2192 dicunt
862 2159 1082 2202 explicativam
1106 2158 1208 2190 efficit.
1252 2156 1412 2189 Prometh.
1438 2157 1467 2188 ll.
1494 2158 1540 2188 17.
1576 2157 1593 2187 ὃ
1617 2155 1654 2186 δὲ
1675 2155 1843 2196 μάλιστα
1864 2167 1909 2195 με
1930 2153 2028 2185 ἁπο-

245 2203 376 2240 πνίγει
398 2202 497 2232 τοῦτ’
519 2204 623 2235 ἐστὶν
645 2204 730 2240 (fort.
754 2203 848 2236 τοῦτο’
873 2204 968 2242 ἐστιν)
993 2203 1050 2233 ὅτι
1070 2203 1274 2244 μεμφόμενος
1305 2200 1360 2242 τὴν
1392 2199 1664 2242 ἀνθρωποποιίαν
1691 2201 1743 2228 καὶ
1763 2198 1897 2239 μάλιστα
1917 2209 1951 2236 γε
1972 2196 2028 2233 τὰς

248 2249 398 2282 γυναῖκας
420 2243 506 2284 ὅμως
527 2246 617 2287 ἐρᾶτε
639 2246 753 2278 αὐτῶν.
777 2247 858 2278 Tox.
871 2248 900 2278 5.
925 2248 944 2278 ὃ
967 2244 1007 2276 δὲ
1030 2245 1073 2287 δὴ
1097 2244 1180 2282 (dele
1192 2244 1244 2286 δὴ)
1265 2245 1437 2285 μάλιστα
1461 2267 1469 2274 .
1485 2266 1493 2274 .
1517 2242 1757 2281 ἐπαινοῦμεν
1778 2241 1890 2272 τοῦτο’
1913 2241 2026 2275 ἐστιν,

290 2380 296 2387 x
338 2347 388 2388 ’ID
406 2347 525 2373 Alterum
555 2350 630 2388 vot-is
655 2348 711 2377 ἰλὺς
736 2350 882 2381 exemplum
905 2350 974 2382 qnod
992 2349 1186 2381 Lexicographi
1208 2349 1440 2381 praetermiserunt
1467 2347 1548 2372 affero
1577 2353 1608 2370 ex
1626 2344 1722 2372 Athen.
1739 2344 1789 2372 ΠΙ.
1806 2352 1832 2377 p.
1849 2341 1925 2369 922.
1951 2350 1982 2366 m
1998 2339 2029 2367 δὲ

245 2389 313 2415 προς
328 2389 386 2417 ῃοσι
403 2383 449 2407 καί
467 2383 573 2417 πέτραις
589 2383 659 2411 Hunc
676 2383 721 2409 καὶ
741 2383 837 2412 ὕδατος
853 2383 937 2418 ἀμιγῆ
954 2382 1038 2418 μικρὰ
1055 2392 1078 2408 κ.
1096 2392 1117 2408 τ.
1136 2383 1159 2408 1..
1782 2413 1799 2440 3
