2193 2663
1081 215 1131 248 13

207 318 438 360 κολάσομεν
460 319 612 358 Xenoph.
637 319 757 359 Cyrop.
783 317 861 348 vll.
884 320 914 349 5.
938 318 994 353 83;
1017 316 1209 349 κολάσετε
1232 317 1327 348 Dem.
1357 324 1438 347 orat.
1463 318 1495 347 in
1520 317 1656 348 Androt.
1686 328 1715 356 p.
1745 319 1796 348 68.
1833 317 1871 348 16
1904 318 2003 350 Dind.

207 375 238 402 p.
261 365 332 394 605.
355 363 403 393 ed.
426 361 557 396 Reisk.;
594 358 817 392 κολάσουσι
840 358 993 398 Xenoph.
1018 361 1056 391 de
1080 371 1145 398 rep.
1171 358 1290 390 Athen.
1315 370 1339 390 c.
1369 361 1395 389 1.
1420 360 1449 390 9.
1472 370 1565 398 quem
1589 358 1695 389 locum
1721 360 1785 389 iani
1806 359 2004 401 Lexicogra-

209 405 263 444 phi
288 404 480 435 attulerunt.
526 403 590 434 Sed
613 400 812 433 κολάσετε
835 402 917 441 quod
941 402 1025 440 apud
1049 402 1132 443 Lys.
1157 407 1237 432 orat.
1263 403 1295 431 in
1321 400 1492 432 Philonem
1518 405 1547 438 §.
1572 402 1622 432 29.
1646 403 1675 432 4.
1705 400 1781 432 libri
1811 411 1889 432 mss.
1913 413 2004 440 prae-

208 447 287 477 bent
310 451 344 477 et
367 447 421 476 ubi
447 447 627 484 scripturae
651 441 827 481 κολάσετε,
861 441 1035 485 κολάσητε,
1069 442 1222 481 κολάζετε
1245 443 1308 473 buc
1331 442 1410 473 illuc
1432 442 1606 481 fluctuant,
1636 443 1744 474 sedem
1771 447 1936 474 concessit
1958 443 2004 474 le-

209 489 309 519 ctioni
343 488 494 529 vulgatae
527 483 700 524 κολάζοιτε
733 496 826 525 quam
863 494 932 515 cnm
962 485 1130 523 Stephano
1166 492 1198 515 et
1232 484 1364 515 Bremio
1393 485 1611 527 promulgavit
1636 485 1772 516 Carolus
1800 485 2004 517 Fc'irtschius.

209 530 313 561 Medii
343 538 450 561 autem
475 530 583 559 futuro
607 525 792 566 κολάσομαι
817 528 868 557 usi
893 535 969 557 sunt
995 527 1225 566 Theopompus
1251 527 1401 558 Comicus
1430 528 1512 565 apud
1535 526 1739 558 Meinekium
1764 527 1882 568 Fragg.
1910 528 2002 558 Com.

210 573 327 604 Graec.
341 572 383 603 11.
407 583 436 610 p.
450 571 526 605 801;
551 567 769 600 κολάσεται
793 570 930 600 Lucian.
946 571 979 599 in
994 570 1061 601 Iov,
1075 570 1172 601 Conf.
1186 580 1211 599 c.
1229 570 1278 605 18;
1304 567 1490 600 κολάσεσθε
1501 568 1654 608 Xenoph.
1669 569 1758 601 Hell.
1770 569 1795 600 I.
1810 571 1838 600 7.
1854 573 1903 601 19.
1919 571 2004 609 (20);

211 614 316 645 Anah.
340 614 382 644 ll.
409 616 436 643 5.
463 614 516 647 13,
541 611 594 641 ubi
620 611 693 641 dele
717 607 770 647 ἶίν,
797 612 947 650 quoniam
973 622 1033 653 ego
1058 612 1184 650 quidem
1208 622 1226 641 a
1250 612 1378 641 ratione
1403 622 1511 642 eorum
1537 613 1698 650 dissideo,
1733 613 1784 651 qui
1809 611 2003 650 particulam

211 653 249 688 ἷὶν
275 667 345 686 cum
370 655 547 685 indicativo
572 654 669 683 futuri
694 653 912 693 conglutinari
938 664 1035 691 posse
1059 661 1239 684 autumant.
1285 653 1335 683 Ex
1359 654 1401 683 iis
1426 665 1507 693 quae
1531 655 1726 693 pertractavi
1751 661 1865 692 suapte
1890 661 2005 693 sponte

210 699 357 738 emergit,
382 699 523 727 activam
546 696 646 725 futuri
671 695 807 725 sormam
834 696 959 726 mediae
983 703 1038 725 aut
1062 695 1318 734 postponendam
1350 702 1405 725 aut
1429 703 1515 726 certe
1540 707 1641 735 aeque
1666 696 1783 726 bonam
1808 707 1891 727 esse.
1938 697 2005 727 Per

210 741 445 780 digressionem
483 737 641 768 nonnulla
676 737 844 768 verborum
881 737 991 767 sutura
1026 739 1123 767 activi
1152 741 1283 777 generis
1308 737 1425 768 afferre
1450 739 1539 768 iuvat
1563 749 1644 777 quae
1668 738 1707 769 ab
1732 749 1792 768 usu
1815 737 2003 777 politiorum

209 783 391 812 Atticorum
416 780 526 810 aliena
550 780 582 809 in
609 780 757 820 legendis
781 779 996 817 scriptoribus
1021 781 1193 818 praecipue
1217 779 1421 818 sequioribus
1446 782 1559 819 reperi.
1576 779 2004 820 'Aaoschnoph.Ephes.

209 823 269 854 111.
294 834 319 853 c.
344 825 378 860 53
407 821 559 853 Eumatb.
583 820 657 851 Vll.
682 833 711 860 p.
735 823 807 853 310.
832 821 880 851 ed.
905 821 1029 852 Teuch.
1059 829 1091 851 et
1119 821 1172 852 VI.
1197 833 1225 860 p.
1240 823 1311 852 240.
1336 821 1388 851 ubi
1415 823 1483 852 cod.
1508 822 1636 855 Monac.
1671 822 1738 854 113.
1765 819 1838 863 ἇγεῖ
1859 823 1897 860 (f.
1916 820 2004 863 ι’ίγει)

210 864 343 895 exhibet
367 864 525 903 quomodo
550 863 661 893 retulit
685 863 812 893 Iacobs.
837 864 874 893 ad
892 863 1008 893 Achill.
1022 864 1100 894 Tat.
1117 875 1144 901 p.
1159 865 1231 894 795.
1244 881 1285 884 —
1306 862 1537 905 ’Λγνοήσεις
1550 866 1685 896 Lucian.
1704 864 1788 895 nial.
1806 865 1906 895 neor.
1928 865 1953 896 1.
1968 867 2004 901 2;

210 904 360 947 ἀγνοήσει
386 908 425 936 de
449 905 559 935 saltat.
585 916 610 935 c.
636 907 685 936 57.
710 912 740 935 et
765 917 790 936 c.
814 905 870 940 613
896 903 1099 945 ἀγνοήσομεν
1125 906 1345 945 Pseudosopb.
1370 908 1444 940 e.4;
1469 904 1666 948 ἂγνοήσουσι
1690 906 1882 947 Pseudolog.
1908 909 2004 943 c.21;

209 946 378 989 ἀγνοήσειν
403 949 514 978 Sonin.
539 958 564 977 c.
590 949 645 984 143
671 964 709 968 —
730 944 1087 984 ’Avedoechleiphn
1103 947 1205 984 Epist.
1221 948 1246 977 I.
1261 948 1318 987 363
1346 949 1507 979 Aristaeo.
1524 949 1621 987 Ep.1.
1637 949 1694 986 213
1717 966 1755 969 —
1780 950 1958 986 Βιώσεις
1971 957 2006 980 ut

210 990 410 1021 Fritzscbius
435 997 466 1019 et
490 989 686 1019 lacobitzius
712 989 763 1018 edi
786 989 953 1018 iusserunt
978 987 1091 1028 Navig.
1119 999 1144 1018 c.
1169 989 1218 1018 26.
1245 989 1430 1019 obliteravit
1455 991 1559 1020 editor
1585 991 1752 1021 Parisinus
1777 998 1808 1020 et
1833 1002 1890 1022 suo
1915 992 2005 1022 arbi-

209 1040 294 1063 tratu
317 1032 405 1062 dedit
427 1028 568 1070 βιώσει
587 1033 595 1048 ¹
609 1032 654 1066 ¹);
679 1030 836 1061 Menand.
860 1041 889 1059 v.
910 1030 980 1060 2ῖο.
996 1031 1076 1068 apud
1091 1030 1239 1061 Meinek.
1256 1031 1372 1071 Fragg.
1387 1032 1510 1063 Comic.
1525 1033 1641 1064 Graec.
1655 1033 1714 1064 lv.
1729 1044 1756 1070 p.
1771 1033 1842 1066 347.
1868 1051 1905 1057 -
1930 1037 2006 1065 Γα-

207 1072 350 1115 μήσεις
384 1074 522 1104 Lucian.
557 1072 655 1104 Rbet.
682 1073 796 1104 Praec.
832 1083 858 1103 c.
884 1074 912 1104 8.
938 1080 970 1102 et
994 1083 1019 1102 c.
1044 1073 1079 1107 93
1114 1071 1201 1103 Tim.
1225 1074 1252 1104 2.
1279 1074 1334 1111 523
1368 1072 1507 1115 γαμήσει
1531 1075 1571 1105 de
1596 1075 1689 1105 domo
1715 1086 1740 1105 c.
1768 1077 1823 1114 223
1847 1074 2006 1118 γαμήσειν

208 1116 295 1147 Dial.
321 1115 455 1146 Meretr.
480 1114 554 1145 VII.
582 1118 613 1150 13
638 1116 752 1144 aoristi
776 1114 903 1144 formae
927 1115 1003 1144 inde
1028 1114 1194 1145 derivatae
1219 1117 1428 1152 reperiuntur
1451 1115 1600 1157 γαμήσας
1623 1118 1759 1148 Lucian.
1784 1119 1823 1148 de
1847 1119 1953 1149 Luctu
1978 1131 2005 1150 c.

210 1160 263 1193 133
288 1155 466 1199 γαμήσειας
490 1157 583 1187 Rhet.
613 1157 726 1189 Praec.
752 1168 777 1187 c.
796 1157 830 1194 ὃς
858 1156 942 1188 nial.
968 1156 1067 1187 Deor.
1083 1154 1121 1186 V.
1141 1159 1169 1187 4.
1192 1174 1234 1178 —
1254 1154 1452 1189 Ἐπαινεῖν
1465 1158 1553 1189 verbi
1569 1160 1673 1189 forma
1685 1160 1786 1190 futuri
1802 1162 1909 1192 media
1922 1162 2004 1200 apud

207 1201 389 1231 Lucianum
416 1199 651 1238 praeponderat
669 1200 733 1236 ¹²);
758 1200 865 1229 activa
889 1205 939 1228 ter
963 1205 1089 1228 tantum
1113 1208 1191 1228 usus
1217 1206 1282 1229 est:
1307 1198 1521 1232 ἐπαινέσουσι
1544 1201 1738 1232 Harnionid.
1763 1214 1789 1233 c.
1813 1204 1849 1239 25
1873 1202 2005 1236 ἕπαινέ-

208 1254 277 1274 σειν
300 1242 437 1275 Parasit.
463 1240 538 1279 c.1;
561 1248 592 1271 et
616 1242 670 1280 qui
692 1240 825 1271 libellus
850 1241 987 1270 Luciani
1013 1251 1130 1271 nomen
1156 1241 1218 1271 fert
1244 1241 1429 1274 Charidem.
1454 1254 1478 1273 c.
1496 1245 1544 1275 15.
1558 1245 1621 1274 τῶν
1634 1242 1883 1277 ἐπαινεσάντων.
1910 1246 2005 1277 Conf.

207 1284 348 1325 Kriiger.
374 1285 413 1314 ad
436 1282 591 1322 Xenoph.
616 1282 719 1314 Anah.
747 1283 815 1314 1.4.
836 1284 886 1313 16.
911 1282 1115 1323 Singularem
1140 1284 1263 1321 passivi
1287 1285 1389 1314 futuri
1414 1285 1549 1316 formant
1573 1284 1884 1328 ἐπαινηθησόμενος
1906 1287 2005 1318 habet

208 1327 314 1367 Long.
341 1327 436 1357 Past.
462 1325 518 1356 IV.
544 1337 570 1357 c.
594 1327 622 1358 4.
647 1340 688 1348 -
708 1322 943 1364 Ἐπομόσεις
965 1326 1131 1356 Aristaen.
1157 1325 1260 1364 Epist.
1286 1326 1311 1356 1.
1337 1329 1366 1358 6.
1391 1344 1432 1349 -
1459 1325 1693 1367 Θαυμάσεις
1717 1329 1848 1360 Heliod.
1864 1329 1907 1361 11.
1934 1332 2004 1362 c.8.

209 1368 313 1404 Quem
337 1368 441 1398 locum
468 1379 484 1398 e
509 1367 811 1408 Xenoph.Hellen.
828 1367 866 1398 V.
884 1369 910 1398 l.
926 1368 973 1398 M.
997 1365 1185 1404 θαυμάσεις
1209 1368 1444 1407 adscripseram
1469 1371 1597 1400 unicum
1623 1372 1655 1400 ni
1679 1371 1777 1402 fallor
1799 1370 2005 1411 Xenophon-

208 1417 306 1443 teum‚
331 1411 469 1440 mutavit
493 1409 712 1440 Schneiderus
736 1407 948 1448 θαυμάσαιτε
970 1410 1029 1448 μὲν
1053 1408 1092 1440 ἂν
1115 1407 1194 1446 ἴσως
1218 1418 1249 1440 et
1270 1410 1465 1442 Dindorfius
1491 1414 1605 1442 merito
1630 1420 1763 1444 secutus
1787 1421 1848 1445 est.
1875 1413 2003 1454 Quippe

209 1454 242 1483 in
266 1453 392 1483 Victor.
418 1459 543 1482 exstat:
568 1449 760 1490 θαυμάσετε
781 1451 840 1490 μὲν
865 1449 904 1482 ὃν
926 1449 1016 1488 ἴσως.
1040 1451 1153 1491 Poppo
1178 1452 1216 1482 ad
1242 1453 1358 1492 Cyrop.
1382 1453 1449 1486 I.4.
1466 1455 1512 1485 16.
1528 1466 1555 1493 p.
1570 1457 1619 1485 44.
1645 1455 1746 1485 voluit
1771 1455 2004 1495 θαυμάσεσθε.

208 1495 315 1526 Aliter
339 1495 495 1524 iudicavit
519 1493 666 1525 Lobeck.
691 1495 730 1524 ad
755 1494 877 1525 Buttm.
902 1495 959 1525 Gr.
983 1494 1024 1525 ΙΙ.
1055 1505 1086 1534 p.
1112 1496 1161 1527 85.
1209 1493 1272 1525 Sed
1296 1497 1328 1526 in
1354 1497 1443 1527 Xen.
1469 1497 1550 1537 Cyr.
1575 1496 1613 1528 V.
1638 1499 1666 1527 2.
1694 1499 1741 1530 12.
1767 1498 1854 1528 dolet
1878 1499 2003 1530 Borne-

209 1548 361 1567 mannuni
386 1538 418 1567 in
445 1537 588 1566 editione
612 1537 734 1566 maiore
759 1544 869 1567 contra
894 1537 1051 1576 suffragia
1076 1537 1166 1566 codd.
1193 1537 1299 1567 Vatic.
1327 1546 1358 1568 et
1382 1539 1489 1569 Paris.
1516 1538 1552 1568 Β.
1582 1537 1793 1578 θαυμάσουσι
1816 1541 2004 1582 divulgasse

209 1589 267 1617 pro
290 1578 513 1617 θαυμάζουσι.
536 1595 578 1600 -
623 1576 822 1619 Κερόἡσει
847 1578 976 1609 Heliod.
1004 1578 1094 1610 VIII.
1120 1590 1145 1610 c.
1170 1580 1199 1609 S.
1233 1578 1428 1620 τεθνήξεται
1462 1580 1515 1611 καὶ
1539 1581 1727 1623 κερδήσει
1750 1581 1787 1613 τὸ
1812 1581 1924 1624 ἐναγὲς
1946 1585 2006 1624 τῆς

209 1619 378 1662 πράξεως,
413 1621 469 1651 ubi
503 1620 586 1651 haud
622 1622 689 1651 scio
724 1631 764 1650 an
793 1619 986 1663 κερὸιξσεται
1020 1622 1259 1659 responendum
1285 1624 1327 1652 sit
1351 1634 1420 1653 cum
1445 1624 1633 1653 terminatio
1657 1625 1702 1657 γ’«ἶ
1724 1631 1852 1663 propter
1875 1625 2005 1656 articuli

311 1696 356 1724 11)
377 1696 455 1721 Hanc
474 1696 676 1721 correctionem
697 1705 751 1721 non
772 1696 860 1728 magis
880 1699 968 1728 probo
988 1705 1067 1728 quam
1087 1694 1167 1727 λήψει
1186 1697 1257 1722 Dial.
1279 1697 1482 1723 Mort.xx111.
1493 1698 1517 1723 2.
1537 1707 1574 1724 ex
1594 1707 1649 1724 uno
1668 1703 1727 1726 cod.
1748 1702 1840 1727 Oxon.
1863 1707 2005 1735 receptum

210 1738 261 1762 pro
285 1728 357 1761 λήψῃ
377 1735 405 1755 et
422 1728 603 1763 μορμολὺτιει
624 1730 694 1755 Dial.
716 1730 829 1755 Meretr.
851 1732 900 1755 IX.
923 1732 944 1755 5.
967 1732 1001 1755 de
1020 1731 1156 1755 sententia
1177 1731 1355 1756 Valckenarit
1376 1731 1480 1756 illatum
1501 1740 1551 1763 pro
1570 1733 1775 1767 μορμολύττεις,
1795 1742 1868 1767 expe
1884 1743 1897 1760 s
1917 1736 2005 1761 libro-

210 1772 268 1788 rum
287 1759 352 1789 fide'.
389 1767 479 1796 Atque
499 1773 558 1789 cum
579 1764 751 1789 Fritzschins
772 1764 883 1790 Quaest.
904 1764 973 1790 Luc.
991 1773 1015 1795 p.
1034 1765 1092 1790 ⁵207.
1112 1764 1138 1788 in
1160 1773 1218 1789 eam
1238 1765 1401 1797 opinionem
1423 1766 1566 1791 incidisset
1592 1773 1618 1792 ut
1637 1768 1752 1794 Conviv.
1777 1778 1799 1794 c.
1819 1773 1843 1796 Δ.
1864 1769 1917 1798 ἕξει
1935 1770 2005 1795 scri—

209 1803 284 1829 ptum
313 1798 464 1823 coniiceret
491 1807 543 1832 pro
562 1798 683 1823 absurde
704 1796 772 1829 ἣξεις
791 1804 844 1823 tum
865 1798 956 1823 editor
977 1799 1124 1824 Parisinus
1145 1799 1172 1823 id
1193 1799 1294 1831 cupide
1313 1800 1451 1832 arripiens
1470 1801 1657 1833 promulgavit
1677 1808 1702 1827 et
1721 1802 1803 1838 δεήσῃ
1822 1804 1895 1835 quod
1916 1805 2005 1829 conti-

209 1839 263 1856 nuo
281 1832 407 1862 sequitur
425 1837 486 1856 cnm
506 1832 567 1856 cod.
589 1831 664 1858 1011.
683 1833 744 1864 pari
765 1835 846 1858 modo
868 1833 894 1857 in
915 1831 1025 1863 δεήσει
1047 1833 1208 1858 immutavit.
1250 1834 1353 1871 VQm
1373 1839 1461 1859 tamen
1485 1836 1553 1859 haec
1572 1837 1762 1869 exemplorum
1783 1845 1853 1869 quac
1873 1846 1906 1862 ne
1925 1837 2006 1862 firmo

211 1872 320 1902 quidem
349 1874 525 1899 fundamento
546 1874 670 1900 nituntur
689 1874 812 1906 paucitas
831 1881 921 1899 movet
941 1883 983 1899 me
1004 1881 1031 1899 ut
1051 1878 1270 1900 terminationem
1295 1884 1317 1900 ει
1337 1876 1474 1907 antiquam
1508 1876 1580 1902 illam
1605 1886 1684 1909 quam
1706 1879 1823 1904 Atticam
1844 1880 1952 1909 dicunt,
1977 1880 2004 1904 in

211 1907 331 1932 secunda
360 1916 479 1939 persona
510 1909 612 1939 passivi
643 1917 674 1933 ac
698 1908 781 1933 medii
809 1908 920 1939 generis
947 1909 972 1933 in
994 1909 1131 1940 praesenti
1152 1916 1177 1934 et
1196 1912 1290 1934 futuro
1310 1910 1453 1935 indicativi
1474 1911 1508 1935 ab
1527 1919 1574 1936 usu
1595 1912 1738 1937 Lucianeo
1759 1915 1870 1944 penitus
1888 1914 2005 1939 alienam

211 1955 274 1973 esse
301 1949 464 1975 existimem,
520 1950 631 1982 Ubique
659 1950 730 1975 enim
763 1951 784 1975 si
814 1950 925 1982 quidem
957 1952 1006 1976 tria
1037 1951 1082 1976 illa
1108 1950 1198 1982 βούλει
1228 1952 1277 1976 οἴει
1305 1948 1367 1983 ὄψει
1396 1957 1534 1978 exemeris
1562 1954 1724 1985 scripturam
1754 1955 1780 1980 in
1803 1965 1817 1989 ῃ
1844 1963 2005 1988 expressam

211 1982 344 2006 invenies.
386 1985 453 2008 Rem
482 1990 509 2009 ut
538 1984 634 2017 paucis
662 1984 798 2009 duntaxat
825 1985 981 2015 absolvam,
1010 1986 1165 2017 praesentis
1189 1986 1345 2011 testimonia
1365 1986 1431 2012 liaeo
1450 1995 1524 2012 sunt:
1550 1986 1654 2022 ἀναδύῃ
1674 1988 1772 2022 Navig.
1793 1998 1816 2014 c.
1834 1990 1881 2022 27;
1900 1988 2006 2024 ἀπέρχῃ

212 2015 285 2041 Dial.
307 2016 420 2041 Meretr.
438 2018 505 2042 XII.
525 2018 557 2046 23
584 2018 664 2052 διηγῇ
684 2019 800 2043 touviv.
821 2027 843 2043 c.
863 2018 909 2046 105
937 2016 988 2052 ἡγῇ
1008 2019 1104 2052 Cynic.
1124 2028 1146 2045 c.
1166 2022 1196 2048 73
1224 2017 1332 2054 θρύπτῃ
1353 2020 1425 2045 Diat.
1445 2021 1558 2047 Meietr.
1578 2021 1644 2046 xtl.
1664 2021 1696 2050 15
1716 2022 1831 2049 Conviv.
1851 2032 1873 2049 c.
1893 2026 1921 2055 4;
1941 2027 2006 2057 πρίῃ

210 2049 284 2074 Diat.
306 2049 417 2075 merear.
438 2051 506 2076 XII.
525 2052 554 2081 23
575 2052 706 2086 προθυμῇ
726 2051 842 2077 Com-iv.
861 2061 883 2076 c.
904 2053 932 2081 4:
952 2055 1022 2087 φέρῃ
1043 2056 1124 2078 neor.
1144 2054 1225 2078 Cone.
1246 2063 1268 2078 c.
1283 2055 1312 2082 (55
1332 2055 1415 2080 futuri
1437 2061 1539 2080 autem.-
1560 2054 1668 2091 αἰτιάσῃ
1688 2056 1794 2082 Saturn.
1817 2067 1839 2084 c.
1855 2058 1884 2088 [λς
1903 2056 2006 2091 ἀκούσῃ

212 2083 284 2108 Diat.
305 2083 388 2107 Mort.
408 2084 445 2109 X.
467 2085 509 2111 13:
528 2085 583 2110 Vit.
602 2086 673 2110 Λυσι
703 2094 725 2110 c.
744 2086 790 2113 262
811 2085 903 2120 γνώσῃ
923 2086 1028 2118 Campi.
1049 2096 1070 2111 c.
1090 2087 1137 2113 952
1157 2089 1213 2122 εἴσῃ
1233 2090 1306 2112 Dem.
1328 2088 1441 2113 Encom.
1462 2098 1482 2114 c.
1502 2089 1548 2121 253
1568 2090 1638 2114 Gall.
1660 2098 1682 2114 c.
1707 2091 1750 2122 15;
1770 2091 1851 2117 Rhet.
1873 2092 1971 2117 Praec.
1983 2101 2006 2116 c.

212 2117 258 2145 13:
278 2117 350 2142 nint.
369 2119 451 2143 Deor.
472 2119 555 2144 XIII.
573 2119 602 2148 2:
621 2119 686 2144 Diat
715 2119 830 2145 Meretr.
850 2121 901 2145 IX.
920 2121 945 2146 5.
965 2122 1034 2149 alia:
1054 2121 1099 2155 ἔσῃ
1119 2120 1285 2149 sommus).
1306 2122 1378 2147 Dial.
1391 2122 1472 2148 Mori.
1487 2124 1585 2148 XXII.
1609 2125 1632 2151 l:
1652 2124 1750 2150 XXIII
1769 2125 1798 2157 33
1816 2126 1969 2158 Contempl.
1984 2134 2006 2151 c.

211 2150 257 2181 Ὧς
277 2150 384 2175 Saturn.
406 2160 428 2176 c.
448 2152 476 2183 53
496 2149 557 2186 εἷἰξῃ
576 2153 673 2185 Navig.
693 2161 716 2178 c.
735 2153 779 2185 46;
798 2152 870 2188 hilm
890 2154 988 2186 Navig.
1008 2164 1032 2180 c.
1050 2156 1095 2182 472
1123 2153 1229 2190 λυπήσῃ
1251 2156 1323 2181 Dial.
1344 2156 1455 2182 Meretr.
1479 2158 1536 2182 XII.
1556 2157 1585 2186 22
1612 2156 1704 2193 παύσῃ
1723 2158 1795 2184 Dial.
1817 2160 1902 2185 Deor.
1922 2160 2006 2185 Xllt.

211 2184 241 2216 Ως
261 2184 371 2209 Saum-n.
391 2193 413 2209 c.
432 2185 462 2216 ὃς
481 2185 597 2221 τετρώσῃ
615 2187 713 2219 Navig.
733 2195 755 2211 c.
774 2186 816 2212 36.
834 2189 868 2212 al.

315 2215 358 2249 Π)
378 2219 516 2244 Lucianea
537 2220 603 2245 haec
621 2225 696 2246 sunt:
716 2219 895 2254 ἐπαινέσομαι
914 2222 987 2247 Dial.
1006 2222 1090 2248 Deor.
1108 2223 1200 2248 XVII.
1219 2223 1249 2251 23
1277 2223 1407 2258 ἐπαινέσῃ
1429 2224 1529 2250 Αιιεοὴ.
1550 2234 1573 2250 c.
1594 2226 1639 2253 143
1664 2224 1836 2252 ἐπαινέσεται
1856 2227 1947 2252 Prom.
1966 2227 2005 2252 11.

212 2259 235 2276 c.
255 2251 301 2282 l5;
331 2252 452 2278 Hermot.
471 2261 494 2277 c.
515 2254 561 2285 27;
590 2253 653 2279 Gan
683 2263 706 2279 c.
727 2255 773 2282 1⁰3
801 2255 889 2287 Fugit.
909 2264 931 2280 c.
951 2256 997 2287 22·
1026 2254 1230 2287 ἐπαινεσόμεθα
1255 2257 1333 2283 Dem.
1365 2259 1480 2284 Encom.
1501 2267 1521 2283 c.
1544 2259 1592 2290 213
1621 2258 1800 2286 ἐπαινέσεσθε
1819 2262 1896 2286 Asin.
1917 2270 1938 2286 c.
1958 2261 2006 2291 253

212 2284 403 2310 ἐπαινέσονται
420 2285 519 2317 {Sonam
539 2296 562 2313 c.
582 2291 612 2317 73
632 2296 654 2312 c.
673 2286 703 2315 93
731 2288 894 2314 Harmonid.
914 2298 935 2314 c.
958 2290 987 2321 23
1007 2291 1102 2316 Quom⁴
1124 2292 1187 2316 hist.
1208 2299 1314 2317 conscr.
1335 2292 1369 2317 sit
1389 2301 1413 2318 c.
1437 2292 1481 2321 115
1508 2301 1530 2317 c.
1549 2292 1597 2322 613
1623 2293 1734 2319 Phalar.
1758 2299 1780 2322 1.
1800 2303 1822 2320 c.
1842 2298 1872 2326 6;
1902 2295 2005 2320 Anach.

212 2327 236 2343 c.
257 2319 302 2349 105
328 2319 362 2344 de
381 2319 462 2345 domo
483 2330 506 2348 c.
525 2322 554 2352 53
574 2320 769 2347 ἐπαινέσεσθαι
788 2322 861 2347 Diat.
882 2323 967 2349 Deor.
986 2324 1091 2350 XVIII.
1111 2325 1134 2350 9.
