2318 2945
311 329 421 362 habeo.
456 327 635 360 Dindorfius
658 328 754 368 igitur
776 326 914 357 monitus
928 325 1071 356 Luciano
1093 336 1153 356 non
1178 324 1332 355 dubitavit
1355 325 1428 365 quin
1452 326 1482 356 in
1506 326 1642 356 editione
1655 325 1814 366 Lipsiensi
1839 336 1930 356 suum
1953 325 2096 357 redderet

313 371 494 403 scribendo:
518 371 607 413 ε”πριε
629 371 711 411 quod
735 380 806 400 cum
830 369 924 400 etiam
948 368 978 398 in
1003 368 1110 401 codice
1124 367 1287 398 Marciano
1311 379 1338 398 n.
1353 368 1421 399 434.
1447 368 1619 398 invenerint
1643 368 1927 400 Somnierbrodtius
1946 374 1975 398 et
1989 367 2095 399 Fritz-

313 414 419 446 schius
441 413 531 445 facile
554 412 683 454 intelligi
708 418 821 452 potest,
845 411 919 452 quid
943 421 1073 441 caussae
1098 411 1137 440 sit
1161 421 1216 440 cur
1240 409 1357 451 priores
1381 410 1528 441 lectiones
1552 412 1675 452 ἒνὲπριε
1698 416 1727 440 et
1751 414 1897 452 συνέπριε
1915 421 2095 451 quanquam

313 456 525 498 compluribus
549 456 648 486 bonae
671 454 742 484 fidei
768 454 930 485 codicibus
954 454 1212 484 commendantur
1235 452 1380 482 oblivioni
1405 464 1531 494 prorsus
1555 453 1646 483 datae
1671 453 1739 483 sint.
1775 453 1835 483 His
1859 453 2010 494 expositis
2033 453 2096 484 iam

312 499 433 530 animos
456 498 617 535 lectorum,
642 497 666 528 si
691 497 744 537 qui
767 502 866 531 erunt,
888 497 919 526 in
943 495 1038 526 alium
1063 495 1196 525 Luciani
1221 494 1323 525 locum
1347 504 1525 526 convertere
1547 496 1630 532 lieet,
1655 506 1746 536 quem
1771 506 1841 526 cum
1866 496 1932 537 pari
1956 496 2025 527 labe
2048 496 2096 526 in-

312 542 475 582 quinatum
499 540 644 581 equidem
668 539 836 575 inveniam,
861 539 891 568 in
916 538 1046 568 eandem
1070 537 1199 568 remedii
1224 537 1403 567 societatem
1428 549 1540 568 vocare
1564 538 1673 579 placet,
1718 537 1776 568 Est
1801 545 1904 569 autem
1929 539 1979 569 ille
2002 538 2097 569 libelli

312 584 365 625 qui
393 589 439 615 est
463 583 501 614 de
524 583 657 614 calumn.
682 583 731 614 24.
766 588 850 622 μισεῖ
870 581 905 612 δὲ
927 585 978 611 καὶ
1000 581 1111 620 λάθρᾳ
1131 580 1204 616 τούς
1232 579 1367 616 ὀδόντας
1389 580 1528 621 διαπρίει
1550 585 1602 611 καὶ
1625 580 1666 617 ὠς
1689 579 1705 612 ὁ
1729 583 1858 622 ποιητής
1870 583 1896 619 ⁶)
1921 591 1996 623 φησι
2017 584 2096 622 βυσ-

313 627 476 668 σοδομεύει
498 626 553 667 τὴν
575 625 678 666 ὀργήν.
724 623 797 654 Hoc
830 634 955 664 quoque
978 623 1045 653 loco
1068 622 1126 653 etsi
1150 622 1234 652 nulla
1258 622 1399 653 lectionis
1424 624 1558 654 varietas
1592 630 1640 653 est
1669 625 1850 663 neutiquam
1885 623 1993 654 dubito
2022 623 2097 663 quin

312 670 521 711 compositum
555 667 695 709 διαπρίει
727 666 898 697 tollendum
933 665 1198 704 scribendumque
1232 664 1272 694 sit
1305 672 1360 695 aut
1389 668 1493 706 πρίει
1520 666 1604 706 quod
1629 674 1786 707 praestare
1809 666 1914 696 iudico
1937 671 1991 696 aut
2014 666 2097 697 δια--

313 714 485 753 πρίεται,
520 710 593 750 quia
627 709 804 740 terminatio
828 711 870 742 ἶὰῖ
892 720 910 738 a
933 708 1085 750 particula
1107 711 1160 738 καὶ
1183 718 1263 747 quae
1292 707 1494 747 subsequitur
1518 708 1607 739 facile
1631 708 1789 739 absorberi
1814 708 1926 748 potuit.
1970 708 2097 739 Etenim

312 765 386 785 vera
420 753 446 784 si
473 758 520 783 est
543 752 626 794 apud
650 751 847 792 Hesychium
874 751 978 792 glossa
1003 751 1196 792 διεπρίοντο·
1231 751 1423 790 ἕθυμοῦντο,
1456 750 1574 791 ἔτριζον
1600 752 1671 788 τοὺς
1694 751 1827 788 ὀδόντας
1849 751 1986 781 medium
2010 750 2097 782 verbi

311 796 342 827 in
366 807 425 827 usu
449 795 546 826 fuisse
570 794 693 825 videtur
715 795 754 824 de
778 793 814 824 iis
838 796 889 834 qui
914 793 1060 824 dentibus
1086 793 1264 823 frendentes
1281 792 1526 833 indignationem
1547 794 1702 833 quandam
1728 800 1780 824 aut
1799 794 1877 825 iram
1891 793 2100 825 manifestant.

314 838 374 870 Sed
400 837 545 878 quoniam
570 837 749 878 incorrupta
772 837 896 878 generis
920 837 1012 867 medii
1037 835 1201 876 integritas
1225 841 1290 866 tum
1315 835 1440 865 demum
1466 843 1555 866 extra
1572 836 1796 866 dubitationem
1817 837 1887 877 poni
1903 836 2014 876 poterit
2028 847 2100 867 cum

312 880 456 921 exempla
489 879 582 910 certis
605 880 799 920 argumentis
824 879 930 909 innixa
957 886 1081 920 reperta
1114 885 1219 913 erunt,
1254 884 1358 918 persto
1382 877 1412 908 in
1436 889 1472 908 ea
1497 878 1650 909 sententia
1673 887 1706 909 ut
1729 881 1811 920 πρίει
1836 879 1894 909 hoc
1917 878 1986 909 Ioco
2009 879 2099 910 unice

312 934 420 954 verum
455 934 524 953 esse
559 933 713 953 censeam.
759 920 962 963 Quapropter
991 920 1088 963 probo
1112 921 1194 961 quod
1219 920 1402 951 Dindorfius
1427 931 1484 951 sua
1506 921 1605 962 ipsius
1630 923 1814 952 auctoritate
1838 924 1936 952 fretus
1959 921 1990 951 in
2016 921 2099 953 Dial.

311 964 535 997 Meretr.XII.
551 966 579 996 2.
603 968 632 996 τί
653 977 692 1006 με
714 963 905 1005 ὑποβλέπεις
926 968 978 995 καὶ
1000 966 1130 1005 πρίεις
1150 964 1240 1000 τούς
1263 963 1431 1000 ὀδόντας
1454 963 1483 993 in
1509 963 1681 994 novissima
1704 964 1838 994 editione
1863 965 1985 1005 vulgari
2010 964 2101 994 iussit

311 1019 367 1049 pro
400 1011 475 1050 πρίῃ
507 1007 590 1048 quod
613 1007 685 1038 ‘iam
719 1008 750 1037 in
785 1007 995 1048 suspicionem
1026 1013 1172 1037 vocatum
1196 1014 1262 1037 erat
1285 1017 1303 1036 a
1325 1006 1391 1036 viro
1414 1006 1549 1047 quodam
1574 1006 1666 1037 docto
1691 1006 1743 1047 qui
1767 1007 1796 1036 in
1823 1006 1975 1047 Stephani
2000 1005 2098 1037 Thes.

311 1051 387 1092 ling.
411 1062 458 1092 gr.
483 1062 507 1083 s.
533 1061 561 1082 v.
586 1050 721 1080 activam
747 1052 879 1080 formam
902 1057 986 1080 reete
1009 1048 1180 1091 postulavit
1195 1051 1230 1087 ⁷),

423 1161 451 1190 6)
469 1163 618 1194 Respieitur
636 1165 682 1187 aut
699 1163 776 1186 Hom.
795 1162 844 1186 Od.
864 1161 946 1185 XVII.
967 1158 1009 1185 66.
1028 1159 1096 1185 κακὰ
1115 1160 1142 1186 δὲ
1162 1160 1240 1194 φρεσὶ
1259 1159 1458 1195 βυσσοδόμευον
1481 1164 1526 1186 aut
1544 1161 1653 1186 Hesiod.
1674 1161 1745 1186 Scut.
1766 1162 1844 1186 Herc.
1864 1170 1888 1186 v.
1908 1160 1950 1187 30.
1970 1180 1976 1186 ,
1996 1180 2002 1187 .
2022 1160 2101 1185 δόλον

314 1196 393 1230 φρεσὶ
412 1195 626 1230 βυσσοδομεύων.

425 1232 450 1261 7)
471 1232 596 1256 Caussam
616 1232 638 1255 si
657 1231 761 1263 quaeris
780 1230 997 1261 quemadmodum
1008 1230 1130 1262 συνέπριε
1141 1231 1168 1253 in
1187 1232 1287 1253 textum
1305 1230 1407 1253 venerit
1425 1231 1450 1253 in
1471 1238 1500 1254 eo
1521 1231 1630 1260 positam
1650 1237 1707 1253 esse
1727 1232 1796 1259 puta,
1815 1229 1884 1260 quod
1903 1237 1962 1253 cum
1980 1229 2103 1254 librarius

312 1266 408 1297 aliquis
436 1267 468 1291 ob
495 1266 655 1290 antecedens
682 1264 833 1298 συνεκρότει
856 1265 966 1296 margIni
987 1264 1168 1295 adscripsisset
1186 1272 1319 1295 συνεπριε,
1346 1265 1374 1287 in
1396 1272 1473 1295 quem
1494 1272 1607 1288 errorem
1625 1265 1702 1288 etiam
1723 1263 1879 1287 Sebaeserus
1899 1263 1916 1287 l.
1935 1271 1957 1287 c.
1979 1264 2100 1288 inductus

312 1304 381 1329 erat.
409 1308 461 1324 non
479 1304 602 1332 reputans
629 1300 738 1324 verbum
766 1300 935 1330 compositum
954 1307 1051 1331 graeca
1072 1300 1178 1322 civitate
1198 1307 1248 1322 non
1267 1298 1391 1322 donatum
1409 1306 1478 1326 esse,
1507 1302 1598 1329 postea
1616 1299 1643 1322 in
1662 1298 1863 1329 perpetuitatem
1883 1298 2023 1321 verborum
2042 1298 2103 1322 inde

312 1336 470 1366 immigravit
497 1338 522 1359 et
548 1335 628 1358 latius
655 1335 693 1358 ita
720 1338 798 1365 atque
827 1334 907 1357 latius
935 1334 1037 1364 serpsit.
1073 1333 1159 1363 Atque
1183 1333 1204 1356 is
1228 1332 1330 1363 quidem
1351 1340 1421 1356 error
1440 1340 1470 1356 eo
1490 1333 1593 1356 facilius
1612 1333 1725 1356 librariis
1745 1332 1887 1356 condonari
1907 1334 2005 1362 potest,
2034 1332 2104 1363 quod

311 1370 451 1400 scriptores
480 1378 507 1393 re
534 1377 598 1393 vera
625 1369 706 1392 verba
725 1376 783 1392 cum
803 1367 893 1391 eadem
913 1368 1106 1398 praepositione
1125 1367 1268 1397 composita
1286 1368 1359 1390 iuxta
1377 1366 1507 1390 collocare
1527 1371 1693 1390 consuerunt.
1732 1365 1783 1389 Sed
1802 1367 1880 1390 etiam
1900 1367 1927 1390 in
1946 1367 2104 1390 contrariam

312 1406 411 1434 partem
431 1411 509 1434 saepe
533 1406 669 1434 peecatum
697 1405 748 1432 est,
777 1402 809 1426 de
834 1409 885 1433 qua
903 1409 931 1425 re
951 1401 1009 1424 vide
1029 1409 1096 1432 quae
1116 1402 1225 1431 exposui
1244 1402 1271 1424 in
1292 1401 1438 1424 observatt.
1458 1401 1578 1431 quibusd.
1599 1402 1625 1424 in
1644 1400 1763 1431 Xenoph.
1783 1401 1888 1424 Hellen.
1909 1409 1933 1431 p.
1955 1400 1994 1424 ll.
2032 1401 2104 1430 Quae

311 1438 363 1461 huc
381 1438 512 1468 pertinent
530 1437 650 1467 exempla
669 1439 754 1460 sunto.
789 1436 939 1467 Iunguntur
958 1436 1050 1465 Quom.
1070 1435 1129 1458 hist.
1140 1443 1238 1458 eonscr.
1249 1436 1283 1459 sit
1298 1434 1338 1458 49.
1357 1433 1559 1458 συνδιωκέτω
1579 1435 1623 1459 καί
1642 1435 1867 1467 συμφευγέτω,
1887 1436 1931 1459 ubi
1945 1435 2104 1459 Iacobitzius

312 1472 383 1495 solus
402 1471 428 1494 id
446 1471 515 1503 quod
534 1471 681 1502 exspectari
701 1473 803 1501 poterat
823 1478 853 1494 ex
874 1469 1055 1494 codd-Gorlic.
1071 1473 1096 1493 et
1109 1469 1217 1493 Viudob.
1233 1468 1258 1493 ll
1271 1470 1288 1493 l.
1308 1469 1348 1492 vui
1368 1469 1444 1492 hodie
1463 1469 1517 1493 cod.
1530 1470 1646 1493 Florem.
1665 1478 1681 1493 a
1699 1470 1844 1493 Fritzsehio
1863 1470 1976 1494 collatus
1995 1469 2105 1499 accedit,

311 1506 420 1536 simplex
440 1505 552 1529 διωκέτω
572 1505 649 1532 dedit,
677 1504 746 1536 quod
765 1512 816 1536 quo
835 1505 892 1527 iure
911 1504 1042 1534 poeticum
1063 1511 1120 1527 esse
1140 1503 1235 1527 dixerit
1254 1503 1422 1531 Fritzschius,
1442 1503 1560 1535 equidem
1582 1504 1711 1535 expiscari
1729 1512 1830 1535 nequeo
1878 1505 2021 1536 Vulgatum
2040 1511 2103 1527 συν-

312 1539 435 1569 διωκέτω,
454 1539 522 1571 quod
541 1539 706 1563 confirmatur
726 1539 817 1562 codice
836 1539 971 1561 Marciano
990 1546 1014 1562 n.
1034 1537 1091 1562 439.
1111 1541 1181 1562 recte
1201 1542 1307 1562 tuentur
1326 1537 1476 1562 Dindorfius
1496 1541 1522 1562 et
1540 1538 1710 1562 Fritzsehius.
1746 1538 1786 1562 De
1805 1539 1891 1562 sacrif
1907 1538 1930 1562 ,(1.
1951 1536 2034 1562 παλαι
2053 1537 2104 1571 μὲν

313 1570 361 1598 οὖν
380 1574 424 1598 καὶ
443 1574 585 1606 ἄνθρωποι
603 1573 834 1597 συνειστιῶντο
854 1572 898 1595 καί
918 1572 1097 1596 συνέπινον
1115 1571 1215 1602 αιῖτοῖς,
1243 1581 1293 1604 quo
1313 1573 1369 1596 loeo
1386 1573 1462 1596 varia
1480 1573 1557 1596 lectio
1578 1577 1617 1597 est
1636 1574 1661 1596 iu
1681 1572 1770 1596 codice
1790 1572 1887 1597 Gorlic.
1906 1574 1950 1604 qui
1969 1573 2102 1597 εἱστιῶντο

311 1609 428 1640 praebet..
449 1609 518 1640 quod
536 1617 588 1632 non
606 1609 738 1638 recepisse
757 1616 784 1632 se
804 1607 875 1631 dolet
892 1607 1049 1631 Iacobitzius
1068 1607 1102 1630 ad
1120 1607 1220 1636 locum,
1249 1615 1325 1638 quem
1344 1610 1405 1630 ante
1426 1608 1544 1631 wactavi.
1582 1609 1615 1631 At
1633 1615 1695 1631 vero
1715 1615 1766 1630 non
1786 1610 1838 1637 est,
1858 1616 1904 1631 eur
1922 1608 1996 1631 illum
2017 1608 2106 1640 pigeat

313 1644 383 1667 facti.
420 1643 495 1672 Quod
521 1644 619 1667 inscius
648 1643 740 1674 suique
762 1642 858 1666 oblitus
881 1641 942 1665 fecit
961 1642 1000 1665 vir
1019 1641 1170 1673 religiosus,
1198 1642 1224 1665 id
1244 1643 1352 1672 probum
1372 1643 1411 1665 est
1431 1645 1457 1665 et
1474 1648 1613 1673 utrumque
1632 1643 1669 1666 ita
1688 1642 1864 1666 consociatum
1883 1644 1912 1665 ut
1930 1643 2041 1666 Parasit.
2061 1640 2106 1667 2-2.

314 1678 410 1702 dietum
429 1681 479 1702 est:
507 1677 539 1705 ὡς
566 1676 646 1707 δῆλον
673 1676 710 1700 ὅτι
737 1675 782 1700 τὸν
809 1676 1019 1709 συμπίνοντα
1045 1675 1088 1699 καὶ
1108 1677 1332 1700 συνεσθίοντα
1350 1673 1436 1708 μόνον
1455 1674 1547 1699 πιστὸν
1567 1677 1647 1707 ιμ’λον
1667 1675 1821 1709 ἡγουμένων
1839 1680 1885 1700 aut
1903 1677 1982 1700 simili
2000 1677 2101 1700 ratione

313 1712 373 1736 ibid.
394 1713 435 1736 59.
463 1713 499 1739 τίς
525 1711 576 1746 γὰρ
604 1710 637 1735 (ἓν
664 1709 817 1744 τολμήσειεν
840 1709 1025 1741 ἐπιβουλεῦσαί
1048 1718 1098 1734 τινι
1119 1708 1208 1734 τούτου
1228 1711 1467 1743 προεσθίοντος
1484 1711 1528 1734 καί
1548 1712 1789 1745 προπι’νοντος;
1816 1711 1934 1734 Eundem
1954 1712 1981 1734 in
1999 1711 2103 1734 modum

312 1747 393 1770 locuti
412 1750 471 1770 sunt
489 1747 552 1770 alii:
580 1746 650 1770 Plut.
671 1746 775 1769 consol.
795 1745 828 1769 ad
846 1745 959 1776 Aponon
989 1745 1010 1769 l.
1030 1752 1054 1775 p.
1077 1744 1131 1769 101.
1151 1746 1179 1769 F.
1209 1743 1395 1777 συνήλγησα
1419 1744 1463 1768 καί
1491 1746 1737 1777 συνηχθέσθην;
1764 1746 1873 1776 Dionys.
1894 1745 1979 1769 Halie.
1998 1746 2106 1776 Antiqq.

313 1781 387 1805 Rom.
405 1781 449 1805 IV.
469 1781 510 1805 25.
529 1778 694 1805 συνέθυόν
714 1788 737 1803 τε
758 1780 802 1803 καὶ
821 1777 1145 1812 συνεπανηγύριζον,
1164 1781 1319 1811 quibuscum
1338 1787 1459 1809 compara
1478 1780 1584 1803 Herodi.
1602 1780 1638 1803 IV
1656 1780 1679 1804 9.
1699 1780 2003 1812 συμπανηγυρίσας
2021 1777 2109 1806 αὐτοῖς

316 1815 360 1839 καὶ
379 1813 606 1848 συνεορτάσας.
643 1815 753 1845 Dionys..
774 1815 790 1838 l.
810 1822 831 1838 e.
851 1814 895 1837 IV.
915 1813 948 1837 25
976 1813 1019 1842 τὰς
1036 1812 1126 1841 πόλεις
1144 1814 1187 1839 τοῦ
1206 1815 1329 1838 Λατίνων
1348 1814 1442 1846 γένους
1459 1813 1615 1845 συστῆσαι
1634 1814 1677 1838 καί
1696 1815 1909 1846 συναγαγεῖν.
1930 1814 1960 1837 Id
1989 1814 2047 1838 VII.
2066 1813 2106 1836 235.

315 1847 502 1882 συνήργουν
522 1848 617 1879 αὐτοῖς,
645 1848 688 1873 καὶ
717 1846 973 1881 συνελάμβανον
992 1849 1018 1873 οἱ
1037 1848 1203 1881 δημιαγυψοί.
1237 1849 1274 1873 Id.
1295 1845 1325 1872 X.
1347 1849 1385 1873 11),
1405 1848 1577 1881 συντρέχει
1596 1857 1621 1872 τε
1640 1848 1684 1872 καὶ
1703 1846 1839 1882 συνᾴδει
1858 1850 1911 1876 τοῖς
1928 1847 2029 1875 ἔξωθεν
2049 1848 2105 1871 ἐπι-

315 1884 493 1917 στελλομιίὀις
510 1883 540 1907 τὰ
559 1883 667 1908 ἐνθένδε
687 1881 852 1916 μηνυόιιιενα.
889 1883 927 1907 Ιᾶ.
947 1883 978 1907 X.
1000 1882 1040 1908 10.
1070 1881 1353 1907 συνεκινδυνευον
1380 1879 1451 1908 οὗτοι
1479 1883 1512 1914 τῷ
1538 1881 1672 1916 Οὐαλερίῳ
1698 1880 1777 1916 μόνοι
1800 1882 1845 1906 καί
1865 1882 2058 1909 συνεξεῖλον
2077 1880 2106 1905 τὰ

316 1916 438 1951 φρούρια.
458 1920 560 1943 Arrian.
579 1919 655 1942 Anab
684 1919 715 1942 V.
739 1918 775 1942 li).
799 1918 818 1941 ἶ.
839 1916 1018 1950 ξυγκαμών
1036 1926 1061 1941 τε
1081 1917 1124 1941 καὶ
1144 1915 1428 1950 συγκινδυνεύσας
1446 1916 1616 1950 Ἀλεξάνδρῳ,
1645 1919 1690 1941 ubi
1709 1918 1872 1942 scribendum
1892 1921 1947 1941 erat
1975 1916 2106 1949 ξυγκιν-

316 1951 486 1983 δυνεύσας,
506 1961 556 1985 quo
575 1957 651 1984 pacto
672 1957 711 1976 est
729 1952 798 1983 apud
818 1952 930 1976 eundem
949 1953 978 1976 V.
991 1952 1058 1976 ⁸25.ss
1086 1952 1111 1976 οἱ
1132 1952 1379 1986 ξυμπονοῦντές
1397 1961 1420 1976 τε
1441 1952 1484 1976 καὶ
1506 1949 1825 1984 ξυγκινδυνεύοντες
1842 1955 1866 1976 et
1885 1951 1946 1975 ibid.
1957 1953 1979 1981 ξ.
1993 1950 2031 1975 1⁴5.
2050 1949 2109 1978 τοὺς

317 1986 446 2020 πρότερον
465 1985 742 2021 ξυμπονήσαντάς
760 1995 783 2010 τε
803 1986 846 2010 καί
868 1984 1228 2019 ξυγκινδυνεύσαντας.
1265 1987 1316 2011 Dio
1336 1988 1469 2018 Chrysost,
1491 1987 1535 2010 Or.
1554 1987 1613 2010 XII.
1632 1986 1672 2011 26.
1700 1984 1916 2013 συνεξανύειν
1935 1986 1979 2009 καί
1999 1993 2109 2009 συνεκ-

320 2024 445 2047 πονεῖν.
483 2023 608 2046 Eiusdem
627 2023 732 2054 generis
751 2024 810 2045 sunt
822 2021 931 2045 Lucian.
952 2022 1068 2045 Hermot,⁴
1080 2022 1121 2045 81.
1140 2019 1358 2055 μεταμαθήσῃ
1377 2022 1421 2045 καί
1440 2019 1691 2055 μεταχωρήσεις.
1729 2022 1820 2051 Quom.
1832 2022 1889 2045 histv
1905 2019 2108 2045 consol-‚siniss-

318 2065 357 2090 με
367 2054 524 2081 ταπλάσαι
543 2057 587 2081 καί
604 2065 723 2090 μετακο
733 2064 773 2089 σμ
783 2055 863 2087 ἧσαι.
884 2056 1244 2086 Dionys.Halic.l.‹·.mstis».
1255 2056 1311 2080 οὔτε
1324 2055 1381 2084 τοὺς
1390 2057 1467 2090 ὄρους
1478 2065 1497 2088 μ
1507 2064 1516 2079 ε
1526 2054 1690 2087 τακινήσει
1704 2054 1953 2088 καιριίςιιιῗδεὶςοῦτε
1965 2053 2009 2086 τὴν
2021 2052 2108 2088 ιέκμὴν

317 2091 506 2124 μεταβαλεῖ.
544 2091 784 2115 Luciau.Abdicat.
803 2089 827 2114 9.
857 2090 900 2115 ἐπὶ
912 2088 1121 2122 τούτωντὶναγκη
1137 2091 1230 2123 με’νειν
1247 2091 1291 2115 καί
1311 2091 1399 2124 μηκέτι
1418 2089 1611 2124 μεταπηδᾶν
1630 2090 1695 2123 μηδὲ
1715 2088 2022 2123 μεταβουλεύεσθαι
2040 2087 2107 2122 μηδὲ

316 2127 515 2158 μεταποιεῖν
537 2125 582 2157 τὴν
600 2127 698 2158 κρίσιν,
717 2126 762 2150 ubi
782 2125 903 2149 attendas
922 2125 1001 2149 velim
1020 2126 1148 2156 triplicem
1168 2126 1239 2149 illam
1259 2127 1396 2149 verborum
1416 2134 1473 2149 cum
1492 2125 1581 2148 cadem
1592 2126 1785 2156 praepositione
1796 2126 1995 2152 compositorum
2006 2124 2108 2148 seriem.

318 2161 378 2184 Huc
397 2164 534 2192 praeterea
553 2161 626 2184 traho
646 2161 764 2184 Hermot.
785 2158 824 2184 18.
844 2159 871 2183 τὸ
890 2160 979 2183 τοίνυν
1000 2159 1171 2192 διακρῖναι
1189 2158 1249 2188 τοὺς
1265 2158 1365 2187 εἰδότας
1381 2159 1425 2183 καὶ
1445 2159 1639 2191 διαγνῶναι.
1677 2160 1834 2191 Pseudolog.
1859 2159 1895 2184 ll.
1923 2158 2110 2186 ἐξέκλεισας

318 2194 389 2219 τοῦτο
409 2193 488 2222 εὐθὺς
505 2194 548 2218 καί
569 2193 768 2228 ἐξεκήρυξας
784 2193 829 2218 τοῦ
844 2193 997 2224 Ἑλληνικοῦ
1015 2195 1108 2225 quibus
1128 2194 1232 2219 infinita
1250 2196 1326 2226 copia
1344 2195 1465 2218 similium
1488 2195 1663 2225 exemplorum
1687 2194 1764 2218 adiici
1783 2197 1879 2224 posset.
1917 2193 1968 2218 Sed
1987 2201 2039 2217 non
2057 2192 2108 2223 pri-

319 2237 375 2253 mus
395 2230 533 2253 observavi
552 2230 648 2253 factum
668 2237 725 2253 esse
744 2232 772 2253 ut
791 2229 869 2260 culpa
888 2229 1054 2252 librariorum
1074 2237 1131 2252 eum
1150 2230 1175 2252 in
1195 2229 1332 2253 scribendo
1351 2230 1436 2252 minus
1455 2229 1548 2252 attenti
1564 2232 1657 2256 essent,
1676 2236 1863 2259 nonnunquam
1880 2229 1962 2252 verba
1973 2236 2004 2252 ex
2014 2227 2110 2251 vicinis

319 2264 418 2295 aliquid
437 2265 552 2296 contagii
572 2264 764 2288 contraherent.
801 2264 867 2288 Vide
886 2263 1006 2287 Fritzsch
1034 2264 1060 2286 in
1080 2264 1187 2292 Quaest.
1207 2265 1316 2288 Lucian.
1335 2271 1359 2294 p.
1380 2262 1418 2287 13.
1456 2263 1532 2292 Quod
1551 2263 1622 2287 valet
1641 2263 1672 2287 de
1696 2263 1753 2287 loco
1774 2263 1817 2293 qui
1836 2266 1864 2287 ut
1882 2263 1950 2287 hauc
1969 2261 2108 2295 digressio-

318 2307 377 2322 nem
396 2299 510 2322 facerem
528 2306 568 2322 me
588 2300 676 2324 movit.
696 2298 765 2322 idem
786 2299 857 2322 valet
877 2299 954 2322 etiam
975 2298 1006 2321 de
1027 2298 1084 2321 loco
1105 2299 1148 2330 qui
1170 2301 1209 2322 est
1226 2299 1253 2322 in
1271 2297 1396 2322 Alex.57.
1416 2296 1482 2322 οὕτω
1501 2293 1548 2322 οὖν
1568 2295 1702 2327 ιῖνεκύπην
1721 2298 1762 2329 τῆς
1780 2297 1861 2330 ὁρμῆς
1879 2297 1922 2321 καὶ
1943 2294 2110 2329 ἐπαυσάμην,-

317 2333 363 2357 ubi
381 2334 490 2357 verbum
509 2333 619 2364 simplex
639 2330 796 2366 ἐπαυσάμην
815 2341 861 2364 pro
882 2340 932 2364 quo
952 2333 978 2356 in
999 2332 1098 2356 duobus
1120 2332 1255 2357 codicibus
1274 2329 1475 2366 ἀνεπαυσάμην,
1499 2333 1525 2356 in
1544 2333 1663 2364 pluribus
1683 2331 1858 2365 ἀνεπαυόμην
1877 2333 1934 2356 siue
1953 2332 2032 2357 dubio
2051 2337 2109 2362 pro·
