2318 2945
1079 237 1131 271 27

218 338 385 371 diudicatis
406 338 526 371 inducti
542 340 729 371 sententiam
751 350 880 381 pravam
903 339 997 370 istam
1020 345 1051 370 et
1073 340 1112 372 ab
1130 351 1188 371 usu
1204 339 1368 372 meliorum
1391 340 1578 382 scriptorum
1601 339 1733 371 alienam
1757 347 1997 383 proposuerunt,

217 393 279 424 qua
300 382 407 422 βούλει
437 389 467 413 et
502 383 605 420 θέλεις
628 386 703 424 (non
727 382 860 421 ἐθέλεις)
883 392 955 412 cum
978 382 1091 413 futuris
1115 382 1254 424 copulari
1281 390 1516 425 praeceperunt.
1561 382 1598 413 Id
1621 393 1821 425 praeceptum
1845 385 1992 426 quoniam

216 424 302 456 omni
335 430 473 466 tempore
506 427 631 456 fuerunt
665 425 718 466 qui
753 425 784 454 in
817 423 913 454 verba
946 424 1088 466 magistri
1116 425 1252 455 iurarent
1281 425 1424 456 homines
1457 425 1550 456 nimis
1574 425 1691 456 creduli
1714 427 1806 458 avido
1829 427 1994 469 complexu

218 466 454 507 adoptaverunt.
501 466 592 506 Quae
626 468 793 499 credulitas
823 466 848 497 si
871 467 998 508 insuper
1021 477 1113 497 caeca
1135 467 1272 507 quadam
1295 478 1331 498 ac
1355 468 1574 509 superstitiosa
1600 468 1798 500 veneratione
1821 469 1914 500 alitur
1936 480 1999 510 qua

217 508 369 550 quidquid
403 510 527 541 codices
551 510 718 541 exhibeant
745 519 852 540 verum
881 519 951 539 esse
973 514 1101 550 putatur
1124 509 1213 549 quasi
1236 516 1353 540 rectam
1376 510 1492 551 ubique
1514 516 1544 541 et
1567 511 1735 552 genuinam
1758 511 1924 543 lectionem
1948 511 1998 543 vel

218 551 354 592 optimae
384 552 585 583 membranae
608 552 743 583 habeant
765 550 936 591 integritati
960 552 1119 592 scriptoris
1143 562 1252 592 parum
1276 553 1457 585 consulitur.
1502 554 1612 594 Itaque
1634 555 1752 584 tactum
1775 560 1822 584 est
1845 562 1879 585 ut
1901 555 1995 585 vitio-

219 594 296 625 sitas
317 595 477 636 praecepti
500 596 591 626 istius
614 596 702 626 cuius
725 604 823 634 nuper
845 593 1035 624 Iacobitzius
1059 593 1099 623 ad
1120 592 1253 624 Lucian.
1277 593 1360 626 Tim.
1384 595 1432 626 37.
1457 607 1486 637 p.
1510 595 1560 628 54.
1584 595 1688 626 audax
1711 596 1855 627 defensor
1878 597 1997 627 exstitit

217 636 362 677 opinione
390 636 483 668 latius
507 643 644 679 serperet
666 643 759 677 atque
781 635 930 677 providos
953 635 1229 675 consideratosque
1252 636 1335 667 viros
1364 636 1513 668 inficeret.
1558 639 1605 668 At
1627 649 1761 680 magnae
1784 640 1924 680 profecto
1946 640 1995 669 in·-

219 679 412 710 constantiae
435 691 504 711 esse
526 680 650 710 videtur
672 679 698 709 si
721 678 911 710 Iacobitzius
935 678 988 718 qui
1011 677 1071 708 hoc
1094 677 1161 709 loco
1184 678 1370 709 auctoritate
1394 679 1509 710 codicis
1524 678 1611 711 Gorl.
1629 682 1778 722 abreptus
1800 686 1885 712 recte
1907 681 1993 711 dedit

217 722 324 762 βούλει
346 722 553 763 ἒπομόσωμαι
574 722 605 751 in
629 719 753 761 Catapl.
772 721 800 752 5.
823 720 989 760 impatiens
1012 720 1160 761 vulgatae
1183 721 1355 762 scripturae
1377 722 1484 761 βούλει
1506 723 1769 764 ἐμβιβασώμεθα,
1793 734 1887 765 quam
1915 723 1994 754 Din-

219 763 337 795 dorfius
372 765 508 795 servavit
537 764 643 804 βούλει
666 763 909 804 ἓμβιβαοόμεθα
931 762 1091 803 praetulit,
1128 763 1211 803 quod
1235 763 1319 793 idem
1344 760 1431 795 Gorl.
1456 770 1486 794 et
1508 763 1613 796 Guelf.
1637 777 1683 806 pr.
1707 766 1857 796 mendose
1880 776 1997 807 suppe-

220 806 328 838 ditant.
374 807 434 838 Sed
458 817 533 837 cave
555 805 699 836 Luciano
722 806 753 835 id
776 805 852 836 vitio
875 811 979 835 vertas
1003 805 1058 836 sed
1087 806 1183 836 tardis
1206 806 1277 836 istis
1294 805 1439 844 librariis,
1463 806 1515 847 qui
1529 817 1601 837 cum
1613 818 1719 838 veram
1732 809 1997 840 constructionem

222 859 286 879 non
310 854 455 891 caperent
478 849 553 879 satis
577 854 698 879 constat
721 848 843 889 quoties
866 847 1055 879 mutationes
1077 847 1237 879 literarum
1260 851 1285 883 ἶ
1310 854 1341 879 et
1363 851 1388 883 ἶ,
1410 848 1616 880 dormitantes
1640 850 1847 883 admisserint.
1884 850 1997 891 Neque

220 891 352 923 dubium
386 896 433 922 est
465 890 540 931 quin
573 892 604 921 in
635 890 717 922 Tim.
741 891 793 922 37.
827 890 876 921 vel
906 891 972 921 sine
1000 890 1149 921 librorum
1173 891 1323 932 suffragio
1346 891 1453 931 βούλει
1475 892 1759 934 δικαιολογήσωμαι
1781 893 1998 932 refingendum

221 933 272 972 sit,
297 945 390 975 quam
413 932 648 964 Hemsterhusii
672 933 920 964 emendationem
944 932 1151 964 Lehmannus
1173 933 1353 965 Dindorfius
1371 934 1660 966 Sommerbrodtius
1683 936 1794 966 merito
1816 932 2000 977 receperunt

220 987 277 1017 pro
298 975 407 1017 βούλει
429 975 707 1018 δικαιολογήσομαι
738 976 822 1016 quod
845 975 1037 1007 Iacobitzius
1061 981 1091 1007 et
1113 975 1264 1007 Menkius
1286 977 1489 1009 retinuerunt.
1536 978 1583 1009 De
1604 977 1684 1015 loco,
1718 977 1771 1018 qui
1794 984 1842 1008 est
1864 977 1999 1009 Luciani

222 1018 317 1051 Char.
340 1020 367 1049 7.
391 1019 453 1048 iam
478 1028 573 1059 supra
596 1018 671 1050 dixi.

333 1059 425 1098 Quae
458 1061 497 1091 de
520 1061 717 1092 coniunctivo
740 1067 811 1102 post
833 1061 940 1100 βούλει
962 1061 1149 1101 (βούλεσθε)
1172 1061 1258 1092 illato
1292 1061 1452 1102 disputata
1486 1067 1574 1099 sunt,
1610 1061 1720 1092 eadem
1753 1062 1863 1102 utique
1896 1062 2000 1093 valent

221 1103 259 1134 de
283 1103 478 1134 coniunctivo
502 1104 554 1143 qui
578 1104 607 1134 in
632 1103 854 1134 deliberatione
878 1113 950 1133 cum
967 1104 1073 1140 θέλεις
1085 1104 1226 1144 (θέλετε)
1251 1104 1456 1135 consociatur.
1494 1106 1544 1135 Ac
1557 1104 1692 1146 primum
1706 1105 1833 1144 quidem
1846 1116 1955 1136 moneo
1967 1105 1999 1135 in

221 1145 281 1176 hoc
304 1145 428 1176 dicendi
452 1156 565 1187 genere
589 1157 607 1176 a
630 1145 774 1177 Luciano
798 1145 973 1176 breviorem
993 1146 1080 1176 verbi
1093 1147 1202 1177 θέλειν
1217 1149 1349 1177 formam
1362 1146 1480 1186 ubique
1503 1153 1689 1188 usurpatam
1713 1158 1782 1178 esse
1806 1147 2002 1188 depromtam

219 1187 303 1218 illam
327 1199 345 1218 a
367 1188 468 1228 poetis
492 1188 543 1229 qui
568 1195 718 1229 quantum
742 1200 780 1219 ex
803 1188 879 1218 locis
904 1199 983 1228 quos
1007 1188 1037 1218 in
1061 1189 1223 1228 procinctu
1246 1188 1348 1220 habeo
1371 1189 1476 1230 colligi
1499 1196 1611 1231 potest,
1636 1201 1759 1230 semper
1782 1190 1887 1227 θέλεις
1909 1190 1998 1220 dixe-

219 1238 300 1262 runt.
346 1230 381 1261 Iu
406 1231 541 1262 editione
564 1231 773 1262 Dindorfiaua
795 1230 886 1261 lectio
909 1232 988 1261 inter
1010 1231 1119 1261 θέλει-ν
1142 1236 1171 1261 et
1194 1232 1319 1262 ἐθέλειν
1340 1231 1481 1270 fluctuat,
1515 1242 1609 1272 quam
1634 1232 1773 1263 ultimam
1797 1233 1928 1262 formam
1954 1232 2001 1262 vir

219 1272 420 1304 doctissimus
454 1284 515 1304 non
544 1285 613 1304 raro
642 1274 734 1304 etiam
759 1273 833 1304 alibi
857 1273 895 1303 de
918 1284 974 1304 suo
997 1273 1142 1305 restituit.
1187 1276 1295 1314 Atque
1318 1280 1353 1304 ut
1375 1274 1478 1304 dicam
1501 1275 1576 1315 quid
1599 1274 1638 1304 de
1661 1275 1729 1315 loco
1752 1275 1883 1305 sentiam
1907 1286 2001 1315 quem

219 1315 422 1346 Hermannus
440 1316 458 1348 l.
473 1326 498 1348 e.
515 1324 586 1357 post
611 1316 816 1347 Schaeferum
841 1327 879 1346 ex
903 1316 1129 1357 epigrammate
1152 1317 1261 1347 incerti
1285 1322 1395 1358 poetae
1418 1318 1489 1348 249.
1514 1317 1620 1347 affert:
1645 1317 1752 1359 Κύπρι
1775 1318 1880 1355 θέλεις
1903 1319 2000 1355 οὕτως

213 1358 245 1395 ἐς
274 1361 372 1399 κρίσιν
407 1359 589 1400 ἐρχόμεθα,
624 1359 768 1399 equidem
804 1358 881 1390 nihil
915 1358 1027 1389 insueti
1063 1358 1093 1389 in
1128 1359 1231 1389 verbis
1262 1359 1386 1390 invenio
1409 1370 1510 1400 neque
1534 1366 1721 1390 structuram
1747 1360 1902 1391 soloecam
1926 1371 1998 1391 cum

215 1399 387 1432 Schaefero
424 1413 525 1442 neque
558 1413 708 1443 praesens
742 1413 797 1443 pro
826 1402 930 1432 futuro
959 1401 1095 1443 positum
1120 1412 1190 1432 cum
1214 1401 1398 1433 Hermanno
1422 1402 1478 1433 sed
1501 1402 1735 1433 coniunctivum
1759 1402 1999 1433 deliberativum

213 1446 370 1484 praesenti
407 1450 546 1485 tempore
570 1444 685 1475 elatum
710 1455 779 1474 esse
802 1443 850 1474 aio
874 1449 1016 1484 correpta
1039 1451 1072 1474 ut
1097 1450 1208 1485 poetae
1231 1444 1331 1475 solent
1354 1445 1609 1486 antepenultima,
1646 1453 1678 1476 ut
1704 1445 1778 1477 Eur.
1803 1448 1882 1486 frag.
1910 1446 1998 1479 1023.

214 1497 245 1527 p.
270 1485 340 1518 536,
365 1485 487 1518 Nauck.
511 1488 542 1517 in
567 1488 731 1518 enunciato
756 1487 996 1527 interrogativo:
1022 1488 1143 1527 πότερα
1165 1487 1271 1524 θέλεις
1293 1497 1341 1518 σοι
1363 1488 1520 1528 μαλθακοὶ
1545 1488 1647 1529 ψευδῆ
1673 1488 1750 1527 λέγω
1776 1503 1814 1526 ..,·
1857 1488 1901 1518 Et
1923 1499 1998 1518 con-

213 1529 387 1559 iunctivum
412 1530 518 1560 aoristi
541 1537 613 1571 post
636 1530 742 1567 θέλεις
764 1529 862 1560 habes
886 1529 969 1570 apud
993 1529 1128 1562 Lucian.
1152 1529 1295 1561 Hermot.
1320 1533 1369 1562 42.
1408 1532 1425 1572 ἢ
1446 1532 1553 1567 θέλεις
1575 1531 1713 1561 ἀντείπω
1737 1532 1776 1561 τά
1797 1532 1825 1569 γ’
1848 1531 1918 1571 ἐμοὶ
1941 1531 1997 1561 δο-

213 1573 344 1608 κοῦντας
377 1572 430 1602 ubi
463 1583 524 1613 quo
558 1573 624 1603 iure
654 1572 838 1602 Dindorfius
862 1572 1005 1602 voculam
1030 1573 1135 1609 θέλεις
1158 1573 1283 1603 omnino
1307 1572 1431 1603 eiecerit
1456 1584 1601 1603 caussam
1625 1573 1769 1603 idoneam
1793 1573 1885 1603 video
1908 1573 1998 1613 equi-

213 1613 284 1644 dem
308 1614 432 1646 nullam.
477 1615 529 1647 Sic
553 1615 645 1656 Soph.
671 1614 719 1646 El.
745 1616 794 1647 80.
829 1615 935 1652 θέλεις
967 1617 1121 1656 μείνωμεν
1149 1615 1246 1647 αῧτοῧ
1280 1616 1524 1656 κάνακούσωμτν
1546 1617 1643 1655 γόων;
1679 1615 1755 1646 Eur.
1779 1614 1899 1648 Bacch.
1925 1615 1996 1647 709.

212 1657 318 1694 θέλεις
339 1657 565 1699 θηρασώμεθα
583 1660 620 1694 ¹⁷)
654 1664 683 1688 et
706 1658 736 1688 in
761 1658 978 1688 enunciatione
1007 1658 1231 1698 interrogativa
1255 1657 1354 1699 Soph.
1380 1658 1420 1690 O.
1446 1658 1482 1689 T.
1508 1658 1579 1691 651.
1616 1661 1641 1689 τί
1664 1670 1711 1689 σοι
1736 1659 1841 1695 θέλεις
1866 1659 1928 1699 δῆτ’
1951 1660 1996 1689 εἰ·η

212 1700 305 1730 κάθω
322 1701 370 1737 ¹⁸);
406 1699 502 1738 Quod
525 1700 717 1731 Iacobitzius
741 1700 771 1730 in
795 1700 939 1732 Hermot.
963 1701 1014 1733 80.
1048 1703 1075 1731 τί
1098 1703 1184 1740 σιγᾷς
1206 1700 1231 1732 ὦ
1250 1700 1428 1742 Ἑρμότιμες
1451 1701 1557 1738 θέλεις
1580 1701 1764 1743 διηγήσομαι
1787 1701 1888 1738 dedit,
1912 1700 1997 1731 Din-

212 1741 331 1773 dorfius
356 1743 503 1774 correxit:
541 1743 663 1780 ἒθέλεις
685 1743 885 1785 διηγήσωμαι.
930 1743 1035 1774 Probo
1059 1742 1140 1773 hanc
1162 1744 1412 1775 emendationem
1436 1744 1490 1774 sed
1513 1745 1613 1774 torma
1636 1745 1740 1781 θέλεις
1762 1745 1892 1775 retenta.
1938 1742 1995 1773 Bis

210 1786 329 1817 Aecus.
354 1786 382 1818 4.
420 1785 473 1817 ubi
507 1786 627 1828 Iupiter
659 1786 845 1828 interrogat:
880 1788 908 1817 τί
941 1785 1009 1822 οὖν,
1044 1785 1069 1817 ὦ
1087 1785 1191 1828 Ἑρμῆ,
1226 1787 1325 1823 δοκεῖς
1360 1789 1554 1827 προτίθεμεν
1589 1785 1695 1823 αὐτοῖς
1717 1786 1839 1826 ἀγορὰν
1862 1787 1956 1817 δικῶν
1978 1786 1998 1827 ἢ

211 1829 317 1867 θέλεις
349 1830 380 1867 ἐς
412 1832 512 1861 νέωτα
546 1829 821 1871 παραγγελοῦμεν,·
855 1829 1016 1870 vulgatam
1050 1829 1240 1860 Iacobitzius
1274 1834 1397 1860 secutus
1432 1835 1479 1860 est
1507 1829 1547 1859 ad
1571 1840 1664 1869 quam
1689 1829 1714 1859 si
1738 1840 1868 1860 manum
1891 1839 1998 1859 emen-

212 1872 362 1903 datricem
407 1872 546 1903 admovit
590 1871 770 1903 Dindorfius
814 1871 981 1902 audaciore
1022 1871 1159 1902 remedio
1203 1883 1280 1903 usus
1325 1883 1394 1903 esse
1438 1872 1570 1904 videtur.
1645 1871 1858 1902 Mutationem
1903 1881 1999 1911 quam

213 1912 324 1947 Cobet.
350 1914 389 1947 V.
424 1914 464 1948 L.
499 1916 549 1949 91.
589 1917 705 1946 fecerat
737 1917 914 1956 προθῶμεν
947 1913 1120 1955 profectam
1154 1914 1238 1945 illam
1271 1915 1378 1956 procul
1412 1914 1508 1945 dubio
1540 1925 1579 1945 ex
1613 1913 1764 1945 Mercurii
1804 1925 1884 1955 quae
1920 1913 1997 1944 sub-

212 1957 353 1998 sequitur
374 1958 591 2000 responsione:
617 1958 654 1989 οὖ
676 1960 733 1998 μὲν
757 1958 824 1995 οὖν,
848 1957 918 1988 ἀλλ’
936 1957 992 1999 ἤδη
1014 1960 1202 1998 προθῶμεν,
1225 1957 1349 1988 etiamsi
1372 1968 1433 1988 non
1456 1957 1673 1995 condemnem,
1697 1957 1751 1987 vix
1774 1962 1878 1987 tamen
1902 1955 1997 1987 dubi-

212 2001 270 2030 tari
293 2007 410 2041 potest,
436 2001 510 2041 quin
534 2000 617 2042 quod
641 2001 898 2041 παραγγείλωμεν
920 2011 976 2041 pro
999 2001 1258 2041 παραγγελοῦμεν
1279 2000 1418 2041 positum
1441 2006 1489 2030 est
1506 2000 1608 2031 iustae
1626 2000 1852 2030 emendationis
1868 1999 1997 2030 modum

212 2042 354 2075 excedat.
401 2041 514 2075 Cobeti
547 2044 796 2075 emendationem
829 2044 1087 2084 παραγγείλωμεν
1122 2043 1239 2083 recepit
1273 2043 1366 2073 etiam
1401 2041 1599 2073 Fritzschius
1637 2043 1688 2082 qui
1719 2053 1774 2083 pro
1802 2044 1997 2083 προτίθεμεν

213 2085 354 2127 scripsit:
386 2089 576 2127 προτιθέναι
608 2086 652 2117 ita
685 2092 719 2117 ut
752 2086 941 2117 infinitivum
975 2098 992 2116 a
1027 2085 1226 2127 praedecenti
1249 2086 1336 2118 δοκεῖ
1356 2085 1438 2126 quod
1469 2092 1572 2116 mente
1604 2085 1809 2126 repetendum
1844 2091 1890 2115 est
1925 2095 1996 2115 sus-

211 2138 345 2170 pensum
378 2139 447 2160 esse
475 2130 558 2163 velit.
605 2129 670 2161 Sed
694 2128 777 2160 haud
801 2129 867 2160 scio
890 2140 930 2160 au
953 2139 990 2159 ea
1012 2128 1162 2160 correctio
1184 2128 1255 2159 albo
1279 2129 1397 2159 calculo
1420 2128 1519 2159 notari
1542 2136 1698 2159 mereatur
1720 2138 1782 2169 qua
1805 2127 1995 2169 transposito

243 2285 249 2291 ”
335 2248 379 2281 17)
405 2250 504 2275 Aoristi
528 2250 610 2276 forma
636 2260 668 2276 ex
696 2251 780 2276 medio
809 2259 906 2284 genere
932 2251 1052 2276 desumta
1078 2258 1111 2274 ne
1134 2251 1177 2274 cui
1199 2251 1350 2282 scrupulum
1372 2251 1473 2275 inficiat
1491 2250 1587 2282 legitur
1606 2249 1686 2282 Soph.
1704 2249 1816 2274 Philoet.
1836 2247 1911 2275 1007.
1929 2249 1993 2273 Eur.

213 2284 320 2316 Hlppol-
333 2281 505 2349 &BG-dudda)
524 2327 577 2344 non
595 2321 738 2351 praesentis
757 2320 803 2344 sed
822 2321 910 2344 aon-isti
929 2320 1122 2344 conjunctivum
1141 2326 1198 2343 esse
1216 2320 1315 2343 monuit
1333 2319 1424 2343 Elmsl.
1444 2319 1476 2343 ad
1495 2319 1558 2343 Eur.
1577 2318 1647 2344 Med.
1659 2317 1715 2343 186.
1734 2317 1781 2343 sed
1798 2317 1858 2342 vide
1876 2317 1993 2342 Lobeck.

213 2352 247 2378 ad
264 2354 361 2378 Buttm.
382 2353 426 2378 Gr.
445 2353 481 2378 Π.
501 2351 543 2379 62.
1741 2384 1770 2412 4.
