2318 2945
1134 219 1187 251 815

279 327 489 360 distinctionis
513 326 604 369 signo
629 325 805 357 Lucianum
831 323 994 365 scripsisse
1016 322 1138 357 iudico:
1176 322 1390 363 προθῶμεν
1411 319 1543 357 αὐτοῖς
1569 318 1718 361 ἀγορὰν
1740 318 1871 356 δικῶνς
1893 321 1912 361 ἢ
1933 320 1965 350 εἷ
1988 321 2056 351 θέ-

274 373 356 408 λεις
378 370 415 407 ἐς
437 372 559 401 νέωτα
580 367 926 410 παραγγελοῦμενς
948 365 1058 397 eadem
1082 364 1206 406 syntaxi
1230 374 1292 404 qua
1315 362 1435 393 dietum
1457 368 1504 393 est
1526 363 1557 392 in
1583 360 1707 403 Catapl.
1730 361 1779 393 28.
1802 361 1879 401 10}st
1902 363 1929 393 εἰ
1950 362 2057 399 θέλεις

280 438 299 447 ..
322 413 531 454 ὑποθήσομαι
564 418 595 442 et
630 410 747 452 pariter
780 409 811 440 in
834 408 977 440 Hermot.
1000 410 1050 441 57.
1083 409 1110 438 εἰ
1143 407 1177 438 δὲ
1203 407 1311 447 βούλει
1333 429 1351 436 ..
1373 404 1581 447 ὑποθήσομαί
1603 415 1661 436 σοι.
1706 403 1791 434 Tum
1813 405 1844 434 in
1868 403 1941 436 Vot.
1965 404 2016 437 26.
2039 406 2059 446 ἢ

276 457 400 492 ἐθέλεις
420 455 698 497 καταριθμήσομαί
720 461 769 483 σοι
792 462 853 492 quo
876 456 968 493 pacto
991 449 1181 482 Iacobitzius
1204 448 1361 480 edendum
1383 448 1503 479 curavit
1520 447 1618 478 multo
1631 446 1742 478 melius
1753 445 1855 477 fuerat
1871 446 2059 489 scripturam

278 498 396 530 codicis
421 496 592 529 Graeviani
616 507 676 526 non
700 505 846 536 spernere
874 505 936 535 qua
967 498 1108 535 recepta:
1143 494 1161 534 ἢ
1184 492 1306 528 ἐθέλεις
1329 494 1402 525 (scr.
1424 491 1544 530 θέλεις)
1568 490 1853 531 καταριθμήσωμαι
1876 489 2056 521 Dindorfius

277 540 458 572 Lucianum
481 540 520 571 ab
543 538 627 570 omni
650 537 762 569 erroris
785 536 877 578 culpa
899 537 1071 566 immunem
1094 535 1258 576 praestitit.
1283 533 1379 564 Potes
1402 534 1496 565 etiam
1523 533 1674 564 scribere:
1699 533 1766 574 ἢεί
1787 532 1922 570 θέλεις
1942 544 2059 563 κατα-

278 584 523 626 ριθμήσομαι
557 580 660 611 Venio
689 580 824 621 denique
858 578 896 609 ad
919 578 1023 609 locum
1045 578 1099 618 qui
1122 584 1169 608 est
1191 577 1222 607 in
1245 576 1319 607 Vot.
1343 576 1371 607 4.
1405 578 1433 607 τί
1457 577 1485 607 δ’
1508 576 1565 608 οὖν
1585 577 1644 618 χρὴ
1666 582 1770 608 ποιεῖν
1792 575 1872 617 ἡμᾶς
1894 576 2057 615 summa,-

277 626 466 668 καραδοκεῖν
488 624 585 655 αὖτὸν
607 625 625 665 ἢ
647 623 769 660 ἐθέλεις
791 622 849 661 ἐγώ
873 621 970 658 αὖθις
991 621 1136 661 ἐπάνειμι
1160 620 1191 657 ἒς
1213 619 1248 651 τὸ
1271 619 1402 654 πλοΐονς
1425 618 1505 649 hanc
1527 619 1690 660 vulgatam
1713 630 1731 649 a
1749 618 1922 650 Iacobitzio
1935 630 2061 660 reprae-

278 674 433 701 sentatam
463 665 644 698 Dindorfius
677 665 788 696 leviter
821 664 866 695 sie
898 663 1076 694 immutavit
1126 665 1154 693 τί
1187 662 1216 693 δ’
1246 661 1303 694 οὖν
1335 662 1393 703 χρὴ
1425 668 1528 693 ποιεῖν
1561 661 1656 704 ἢμᾶςς
1695 662 1840 693 ἐνταῦθα
1872 662 2061 703 καραδοκεῖν

278 711 377 744 αὐτὸν
412 712 429 752 ἢ
451 710 573 746 ἐθέλεις
595 708 654 747 ἐγώ
676 708 773 745 αὖθις
796 708 943 747 ἐπάνειμι
965 707 996 744 ἐς
1019 706 1052 738 τὸ
1077 706 1207 741 πλοῖον;
1245 706 1287 734 At
1311 715 1385 735 vero
1408 714 1480 734 cum
1502 705 1648 745 ἐπάνειμι
1670 704 1700 734 in
1725 704 1778 735 tali
1801 704 1969 735 verborum
1992 705 2061 735 iun-

281 760 369 786 ctura
393 752 514 783 tolerari
538 750 622 782 nullo
657 750 749 782 modo
782 750 883 791 possit
911 760 1071 790 nunquam
1101 760 1120 777 a
1143 759 1192 778 me
1216 748 1350 778 editores
1374 746 1584 788 impetrabunt
1607 753 1640 778 ut
1664 747 1738 778 huic
1762 747 1885 778 lectioni
1909 747 2063 778 calculum

281 806 444 839 apponam.
490 793 539 825 Ne
572 793 687 835 longus
719 793 777 824 sim
801 792 860 823 levi
885 792 994 833 opinor
1016 790 1188 821 mutatione
1211 795 1388 821 structurae
1411 788 1575 820 subveniet
1595 789 1647 830 qui
1666 789 1750 821 huno
1767 789 1798 820 in
1811 790 1938 820 modum
1952 789 2065 831 legerit

280 846 312 871 et
334 836 523 868 distinxerit:
547 836 725 868 ἐνταῦθα
747 835 986 876 καραδοκεῖν
1008 834 1146 869 αὗτόνς
1171 834 1240 875 ἢεί
1262 833 1410 869 θέλεις,
1433 832 1501 871 ἐγώ
1526 856 1554 862 ..
1579 832 1763 874 ἐπάνειμι
1786 833 1822 869 ἒς
1844 833 1886 864 τὸ
1910 833 2063 864 πλοῖον.

280 880 343 914 Sed
376 879 454 910 haee
487 879 650 910 hactenus.
695 879 743 910 De
765 877 826 908 hoc
848 877 996 918 loquendi
1026 887 1140 918 genere
1164 876 1190 906 si
1213 876 1292 906 forte
1316 875 1445 905 ulterius
1469 875 1551 905 iusto
1574 875 1707 906 disserui
1730 875 1762 906 id
1785 886 1878 916 agere
1902 875 2008 906 studui
2031 880 2067 906 ut

282 922 500 955 coniunctivus
527 921 685 963 patefacta
707 920 880 952 adulatrice
902 921 963 951 ista
986 926 1080 960 atque
1103 918 1278 949 adulterina
1299 924 1412 948 natura
1434 928 1496 958 qua
1518 919 1659 948 futurum
1681 924 1752 959 post
1773 918 1879 959 βούλει
1907 923 1938 949 et
1960 918 2068 955 θέλεις

281 965 403 997 illatum
436 964 505 996 iura
533 964 600 995 eius
625 963 702 995 eatis
725 962 779 994 diu
802 962 938 993 violasse
961 962 1102 999 videtur,
1137 961 1266 991 tandem
1295 959 1463 1002 aliquando
1486 959 1517 989 in
1539 959 1771 1000 possessionem
1794 972 1883 992 suam
1906 960 2014 992 redeat
2036 966 2068 992 et

280 1008 512 1049 redintegratus
535 1006 736 1048 illibatusque
758 1005 863 1037 locum
886 1016 976 1037 suum
1001 1004 1150 1037 obtineat.
1196 1002 1328 1045 Optimo
1361 1005 1428 1033 iure
1457 1001 1550 1033 etiam
1574 1013 1612 1033 ex
1635 1001 1767 1033 Platone
1789 1003 1839 1034 cui
1862 1008 1891 1034 et
1915 1003 1975 1045 ipsi
1998 1003 2068 1034 fue-

281 1057 355 1083 runt
387 1050 439 1091 qui
474 1052 614 1080 futurum
643 1050 673 1079 in
710 1048 826 1079 talibus
861 1049 891 1078 vi
923 1053 951 1079 et
974 1047 1087 1078 iniuria
1109 1046 1277 1077 obtrudere
1298 1045 1413 1076 vellent
1441 1044 1535 1075 hodie
1558 1044 1641 1076 hunc
1663 1056 1755 1076 usum
1778 1045 1864 1077 libris
1889 1046 1954 1077 sive
1978 1046 2068 1077 addi-

284 1093 428 1125 centibus
451 1093 517 1124 sive
540 1091 775 1133 refragantibus
798 1091 991 1133 exagitatum
1016 1090 1118 1120 video.
1163 1089 1269 1120 Locos
1293 1088 1387 1119 habet
1412 1087 1523 1119 Stallb.
1547 1087 1586 1118 ad
1610 1087 1734 1120 Phileb.
1756 1099 1784 1130 p,
1809 1090 1859 1121 77.
1892 1088 2068 1130 Scriptores

284 1142 389 1168 autem
408 1134 599 1166 Graecitatis
622 1134 764 1165 noviciae
788 1145 826 1165 ex
851 1133 965 1174 quibus
988 1132 1137 1164 nonnulla
1161 1143 1241 1173 quae
1265 1137 1424 1172 stuporem
1448 1129 1534 1162 haud
1552 1130 1742 1162 mediocrem
1757 1138 1903 1162 moveant
1925 1131 2068 1163 Lobeck.

286 1179 328 1210 ad
350 1177 468 1220 Phryn.
493 1178 564 1209 734.
594 1177 685 1208 affert
708 1176 784 1218 quid
807 1177 1006 1218 peccaverint
1029 1186 1112 1207 nunc
1134 1186 1196 1206 non
1219 1185 1303 1206 curo.
