2318 2945
1145 247 1165 275 5

266 349 350 391 αὐτῷ
374 349 533 390 διακρῖναι
555 350 642 386 ἔδοξε
665 350 829 390 κράτιστον
851 350 931 379 εἶναι
953 354 1017 385 τοῖς
1040 351 1129 385 θεοῖς
1152 348 1372 379 ἀνακοινῶσαι.
1419 348 1491 378 Alia
1515 347 1635 378 dabunt
1658 348 1767 380 Stallb,
1785 349 1823 379 ad
1848 349 1926 381 Plat.
1946 351 2042 392 Soph.

265 392 339 422 264.
354 390 392 423 C.
418 398 447 421 et
462 392 604 423 Schoem.
629 391 667 420 ad
682 391 758 422 lsae.
773 402 802 431 p.
820 392 886 422 192.
901 401 948 430 sq.
973 398 1002 420 et
1026 391 1064 420 ad
1082 390 1159 421 Plut.
1174 393 1238 430 Ag.
1253 402 1277 423 c.
1295 393 1340 423 17.
1354 403 1382 432 p.
1399 392 1467 423 151.
1492 392 1623 422 Persea-ti
1650 393 1748 421 forma
1773 391 1984 434 ἢπορήσθω
2008 404 2046 423 ex

265 432 418 464 Themist.
433 433 584 476 Paraphr.
600 434 728 464 Aristot.
744 432 780 464 T.
795 434 833 464 ΙΙ,
853 435 917 465 ί-ίΟ.
944 432 1060 474 Speng.
1075 432 1203 463 Lexicis
1227 433 1369 464 addenda
1393 440 1448 465 est.
1473 433 1570 464 Verbi
1594 434 1864 472 δυσχεραίνειν
1886 435 2045 476 passivam

266 479 395 506 formam
419 477 505 507 novit
529 488 588 507 non
614 476 705 506 modo
728 475 810 505 Plut.
840 474 960 506 Public.
986 487 1010 507 c,
1031 476 1112 507 1.*24.
1137 476 1492 516 δυσχεραινομένου
1516 477 1549 506 δὲ
1574 479 1626 507 τοῖ’
1652 479 1701 517 τῆς
1722 480 1896 516 μοναρχίας
1920 478 2041 517 ὀνόμα-

263 530 316 555 τος
337 531 363 549 κ.
387 531 413 549 τ.
436 520 464 550 λ.
500 519 543 550 Id.
570 518 636 550 Cic,
662 530 687 550 c.
712 518 760 550 24¹.
785 521 826 559 τῷ
851 518 878 548 δ’
900 519 1043 549 ἐπαινεῖν
1066 519 1115 549 ἀεὶ
1136 522 1187 548 καὶ
1214 519 1398 558 μεγαλύνειν
1421 518 1515 555 αἶπος
1537 519 1650 550 ἑαυτὸν
1674 518 1734 549 ὑπὸ
1760 519 1888 549 πολλῶν
1911 520 2044 559 δυσχε-

263 563 512 601 ραινόμενος.
547 572 625 601 quos
661 563 745 592 locos
779 560 876 591 debeo
911 560 1050 591 Henrieo
1083 560 1244 601 Stephano
1273 561 1302 590 in
1328 561 1482 592 Thesaur.
1509 559 1565 593 Gr.
1589 561 1662 602 ling.
1688 572 1710 592 s.
1735 572 1763 592 V.
1789 561 1842 590 sed
1872 562 1963 591 etiam
1988 563 2047 593 Dio

265 603 428 644 Clu-ysost.
454 603 508 635 Or.
532 603 628 634 XIV.
657 604 704 634 14.
738 606 789 632 καὶ
817 604 875 643 γάρ
905 607 976 644 περὶ
1000 605 1117 634 τούτων
1140 604 1289 634 ἐπίκειται
1312 605 1402 644 ζημία
1425 604 1459 635 rt)
1482 606 1645 644 μισεῖσθαι
1668 605 1685 645 ὴ
1708 604 2048 644 δυσχεραίνεσθαι

261 646 325 677 ὑπὸ
348 648 410 677 τῶν
433 647 629 687 εἷνθρώπων.
675 644 815 675 Verbum
841 645 1040 676 διακονεῖν
1063 652 1167 676 autem
1192 646 1221 675 in
1245 646 1425 676 universum
1451 654 1512 677 est:
1538 648 1713 677 ministrum
1738 645 1942 684 (ministram)
1966 657 2045 683 esse,

262 689 456 724 ministrare3
491 689 544 719 sed
579 698 650 718 cum
685 687 755 727 quis
780 694 809 717 et
834 687 884 717 alii
910 695 938 718 et
963 688 1150 729 sibimetipsi
1174 688 1349 718 ministrare
1374 689 1487 729 possit,
1523 689 1596 729 quid
1628 689 1739 719 mirum
1764 695 1810 718 est
1833 688 1915 729 quod
1940 699 1976 718 eo
2000 690 2047 718 in-

262 731 387 761 tellectu
421 731 595 772 praeditum
620 729 711 760 facile
734 730 764 759 in
788 741 889 771 genus
912 730 1049 761 medium
1076 732 1197 767 transit,
1221 731 1377 771 quomodo
1401 732 1565 773 usurpavit
1588 731 1681 772 Soph.
1707 730 1840 762 Philoct.
1866 732 1935 762 287.
1960 732 2048 761 κιὲδει

261 786 290 803 ἰι
310 777 388 813 picae}
410 774 472 814 τῆδ
495 773 557 804 ὑπὸ
581 775 668 814 στέγῃ
689 773 789 812 μόνον
812 773 1108 809 διακονεῖσθαι,
1144 773 1196 804 ubi
1228 773 1407 804 Scholiasta
1430 781 1513 804 recte
1542 774 1711 814 explicavit
1734 785 1789 814 per
1822 772 2048 815 ὑπηρετεῖσθαι

261 816 384 855 ἐμαυτῷ
408 809 436 846 εἰ
461 815 637 845 Ellendtius
660 815 690 844 in
715 814 792 846 Lex.
821 814 918 856 Soph.
944 827 969 847 s,
995 827 1022 847 V.
1046 816 1238 856 comparavit
1260 815 1359 847 Arist.
1374 815 1619 849 Acha1-n.1017.
1644 818 1779 858 ἤκουσας
1802 816 1843 853 ὥς
1864 819 2047 857 μαγειρικῶς

259 863 394 899 κομψοῖς
426 871 457 889 τε
489 862 540 888 καὶ
569 857 769 898 δειπνητικῶς
792 857 876 900 azius»
901 858 1160 895 dzauovstzccm
1199 860 1306 898 Atque
1331 859 1594 898 quemadmodum
1618 859 1648 889 in
1674 859 1829 889 scribendi
1853 870 1966 899 genere
1991 870 2047 889 sua

261 902 393 941 quisque
417 900 550 941 scriptor
573 901 698 941 propria
721 899 824 934 habet.
850 900 964 941 quibus
988 901 1124 931 maxime
1147 901 1329 938 delectatur,
1354 901 1398 931 ita
1422 900 1598 932 Lucianum
1623 901 1710 931 iuxta
1733 901 1793 931 alia
1819 901 1960 932 videmus
1986 904 2047 931 for-

2070 831 2088 878 f

261 954 328 973 mas
363 943 456 973 medii
491 949 556 973 tum
585 944 616 972 in
641 942 701 973 hoc
725 949 791 973 tum
815 944 844 972 in
870 943 938 973 aliis
962 944 1066 974 verbis
1090 943 1184 973 nimio
1209 943 1471 983 studiodsoyissae
1506 944 1550 974 ita
1573 949 1693 979 tamen,
1726 951 1759 974 ut
1782 944 1813 974 id
1837 955 1936 984 genus
1960 925 2079 976 verbii.

260 996 321 1015 non
347 985 437 1026 plane
461 996 549 1015 suam
573 996 611 1014 na
666 996 715 1014 am
740 995 924 1026 seposuisse.
947 996 976 1014 vi
1003 996 1038 1015 ea
1056 997 1099 1017 ur.
1147 987 1334 1018 Arum-[14.
1360 987 1450 1027 παρὰ
1472 990 1529 1026 μὲν
1545 987 1602 1027 γιῖρ
1620 987 1716 1028 “Ἠβης
1740 987 1795 1017 οῧκ
1818 988 1858 1017 ἄν
1881 987 1939 1024 ἐγώ
1963 987 2046 1017 δια-
2079 976 2092 1006 l

259 1030 494 1068 κονουμένης
516 1028 616 1059 ποτὸν
639 1028 802 1068 ἐδεξάμην.
829 1027 959 1058 Ver-tas:
984 1039 1055 1057 nam
1079 1027 1119 1057 ab
1138 1027 1231 1058 Hebe
1254 1039 1431 1069 quanquam
1452 1028 1582 1066 (adhuc)
1601 1029 1775 1059 ministram
1800 1040 1832 1059 se
1856 1030 2047 1069 praestabat,

259 1069 402 1110 equidem
425 1077 534 1109 potum
559 1081 617 1100 non
641 1070 846 1110 accepissem.
892 1069 1013 1099 Eodem
1049 1076 1141 1110 pacto
1175 1070 1214 1100 de
1238 1081 1330 1102 merc.
1356 1071 1444 1102 cond.
1473 1071 1518 1103 16.
1542 1074 1594 1101 καί
1616 1083 1679 1102 που
1702 1076 1752 1101 καὶ
1775 1073 1922 1112 μειράκια
1945 1070 2048 1111 ὡραῖα

260 1112 552 1153 διακονούμειά
584 1117 636 1143 καὶ
670 1113 770 1154 ἠρέμα
794 1112 1042 1153 προςμειδιῶντα
1078 1119 1149 1142 sunt
1173 1112 1396 1143 adolescentuli
1422 1114 1550 1144 formosi
1575 1113 1627 1154 qui
1651 1114 1809 1144 ministros
1834 1124 1866 1143 se
1890 1119 2049 1153 praestant

259 1160 288 1184 et
310 1154 421 1186 leviter
443 1155 587 1187 arrident.
635 1154 730 1187 Cont'.
755 1156 843 1185 Asin.
870 1155 920 1187 53.
948 1153 1076 1185 Charid.
1102 1156 1131 1185 2.
1157 1153 1324 1195 Tyrannic.
1345 1157 1395 1186 22.
1421 1155 1495 1186 Ver.
1519 1155 1594 1186 Hist
1617 1156 1673 1187 ΠΙ.
1691 1157 1727 1187 14
1785 1155 1829 1186 Hi
1854 1155 1911 1185 loci
1936 1155 2050 1186 desunt

256 1196 287 1226 in
310 1196 420 1228 Indice
442 1196 605 1228 Lucianeo
630 1209 653 1229 s.
680 1209 709 1229 v,
743 1196 811 1227 Nec
842 1197 1003 1228 Lucianus
1037 1197 1121 1227 solus
1157 1197 1290 1227 mediam
1325 1197 1458 1228 sormam
1493 1198 1615 1228 activae
1649 1198 1795 1239 praetulit
1825 1198 1878 1229 sed
1909 1198 1938 1227 in
1963 1198 2049 1228 illum

255 1240 381 1269 modum
418 1241 510 1270 etiam
536 1240 599 1271 Dio
624 1239 871 1281 Chrysostomus
895 1239 1022 1270 locutus
1047 1246 1104 1276 est,
1142 1240 1195 1279 qui
1219 1251 1331 1270 munus
1356 1240 1450 1270 activi
1474 1241 1598 1281 generis
1622 1250 1683 1281 qno
1708 1240 1804 1271 semel
1828 1247 1948 1270 tantum
1974 1252 2049 1271 usus

256 1288 302 1312 est
325 1283 356 1312 iu
381 1281 438 1314 Or.
455 1282 500 1314 X.
528 1284 573 1316 10.
598 1290 744 1324 quattuor
767 1283 843 1313 locis
867 1283 897 1312 in
923 1283 1061 1312 medium
1088 1282 1256 1314 transtulit.
1301 1282 1470 1324 Leguntur
1494 1283 1576 1313 enim
1600 1283 1630 1313 in
1656 1281 1745 1314 O1at.
1771 1283 1842 1315 VII.
1868 1284 1917 1315 65.
1942 1283 2050 1322 θυγά-

255 1337 309 1366 τηρ
333 1325 366 1356 δὲ
390 1324 496 1366 ὠραὶα
517 1327 620 1366 γάμου
644 1326 864 1367 διηκονεῖτο
889 1331 917 1356 et
941 1325 1045 1366 paullo
1069 1331 1139 1366 post
1164 1325 1193 1354 in
1219 1325 1328 1356 eadem
1352 1326 1490 1356 oratione
1516 1327 1537 1366 ξ.
1563 1326 1613 1358 6’ῖ.
1649 1325 1665 1367 ἡ
1687 1329 1745 1366 μὲν
1769 1326 1825 1356 οὖν
1848 1332 1924 1362 παῖς
1947 1327 2048 1357 ἐπαύ-

257 1377 332 1398 σατο
365 1368 652 1410 διακονουμένη
686 1376 717 1399 et
750 1368 882 1398 ibidem:
920 1368 952 1399 τὸ
988 1368 1021 1398 δὲ
1051 1369 1210 1408 μειράκιον
1233 1368 1300 1399 (ἔντ’
1324 1369 1439 1410 ἐκείνης
1462 1369 1682 1410 διηκονεῖτο
1717 1377 1745 1398 et
1782 1368 1839 1399 Or.
1864 1367 1995 1400 LXXI.
2019 1369 2048 1400 4,

257 1411 279 1440 εἰ
301 1422 377 1452 φησι
399 1412 470 1448 τοὺς
492 1414 636 1453 χείρονας
658 1418 722 1448 τοῖς
755 1411 894 1449 ἀγαθοῖς
927 1411 1221 1441 διακονεῖσθαι.
1288 1410 1356 1442 Nec
1389 1411 1534 1452 passivae
1564 1413 1682 1442 formae
1711 1410 1784 1441 huic
1808 1411 1903 1442 verbo
1927 1411 2049 1443 desunt.

254 1452 400 1494 Namque
434 1464 506 1484 cum
535 1454 660 1485 notione
684 1453 815 1484 actionis
839 1454 933 1484 etiam
959 1453 1116 1484 obiectum
1142 1453 1209 1484 eius
1233 1453 1364 1484 actionis
1387 1453 1540 1490 admittit,
1566 1454 1710 1494 quocirca
1734 1454 1787 1484 ubi
1812 1454 1851 1485 de
1874 1454 1966 1485 rebus
1990 1465 2048 1495 pu-

255 1495 345 1526 blicis
375 1507 476 1527 sermo
513 1504 575 1534 est,
611 1507 780 1538 suppresso
815 1498 948 1527 fortasse
983 1496 1117 1526 ministri
1155 1496 1384 1536 significatione
1408 1502 1479 1538 apte
1504 1496 1606 1526 dicere
1630 1497 1731 1538 potuit
1755 1496 1849 1528 Dem.
1875 1495 1930 1528 Or.
1955 1495 1996 1529 L.
2020 1498 2047 1528 2.

255 1538 367 1579 δέομαι
399 1538 488 1579 ὑμῶν
519 1541 562 1581 μή
593 1553 633 1580 με
668 1539 822 1581 ἡγήσησθε
850 1539 1035 1578 ἀδολεσχεῖν
1065 1539 1122 1569 ἐὰν
1148 1539 1201 1569 διὰ
1229 1542 1432 1580 μακροτέρων
1466 1539 1618 1580 διηγῶμαι
1651 1540 1690 1569 τά
1726 1552 1754 1570 τε
1778 1539 1974 1580 ἀναλώματα
1997 1543 2049 1570 καὶ

254 1582 309 1618 τας
330 1583 479 1621 πράξεις,
515 1582 556 1619 ὠς
578 1583 612 1614 ἐν
640 1585 739 1625 καιρῷ
766 1595 797 1612 τε
821 1584 947 1612 ἕκασται
971 1586 1023 1613 καὶ
1045 1583 1189 1623 χρήσιμοι
1211 1584 1246 1627 τῇ
1269 1582 1360 1613 πόλει
1383 1581 1706 1623 ἐδιακονήθησαν
1728 1588 1757 1612 et
1780 1582 1827 1613 Id.
1854 1580 1910 1613 Or.
1935 1581 1991 1613 LI.
2019 1583 2047 1613 7.

253 1626 315 1655 τῶν
348 1624 383 1655 δὲ
416 1625 519 1661 καλῶς
552 1625 898 1666 δεδιακονημένων
931 1628 988 1656 νῦν
1021 1625 1129 1661 αὐτοῖς
1161 1625 1296 1655 κελεύειν
1324 1626 1416 1665 χάριν
1445 1623 1527 1665 ὑμᾶς
1549 1625 1640 1664 ἔχειν.
1684 1623 1796 1664 Neque
1820 1624 1949 1654 nimiam
1973 1635 2047 1655 sane

254 1665 470 1698 difficultatem
496 1674 600 1698 movet
622 1668 754 1699 verbum
779 1668 956 1700 ἀπαντᾶν
980 1668 1065 1707 quod
1079 1668 1342 1708 propterinsitam
1358 1667 1618 1709 significationem
1636 1667 1761 1697 Atticos
1784 1667 1887 1698 activo
1910 1672 2047 1697 tantum-

253 1709 346 1740 modo
369 1721 484 1751 genere
507 1710 625 1741 dixisse
649 1716 779 1742 constat.
825 1710 946 1742 Verum
971 1715 1073 1741 tamen
1099 1710 1125 1741 si
1149 1712 1255 1741 futuro
1278 1710 1371 1741 medii
1398 1709 1622 1751 (ἶπαντήσομαι
1655 1710 1753 1740 utitur
1776 1716 1810 1740 ut
1833 1720 1949 1750 magno
1973 1719 2047 1740 con-

254 1763 348 1783 sensu
383 1753 508 1783 tradunt
542 1754 740 1794 grammatici
777 1764 833 1784 nec
868 1753 928 1784 alio
964 1753 1056 1783 modo
1090 1753 1120 1783 in
1151 1752 1238 1783 libris
1263 1753 1442 1783 Atticorum
1474 1754 1627 1793 reperitur
1655 1763 1727 1782 cum
1751 1752 1835 1793 apud
1858 1752 2048 1782 recentiores

254 1795 420 1835 scriptores
444 1797 585 1827 futurum
599 1797 767 1839 ιῗπαντήσω
779 1797 822 1826 ita
845 1795 1015 1838 pervaleat‚
1040 1800 1075 1826 ut
1098 1795 1195 1826 altera
1218 1798 1319 1826 forma
1342 1795 1568 1837 propemodum
1592 1794 1780 1826 exoleverit:
1805 1794 1938 1826 dubitari
1963 1794 2047 1825 nullo

253 1838 348 1869 modo
371 1844 486 1879 potest,
510 1840 584 1879 quin
609 1850 721 1870 caussa
744 1839 848 1879 aliqua
872 1838 975 1876 fuerit,
1001 1849 1062 1878 qua
1077 1836 1192 1868 Graeci
1217 1839 1247 1868 in
1272 1849 1364 1868 usum
1389 1839 1484 1869 futuri
1509 1849 1547 1868 ex
1570 1837 1674 1868 medio
1698 1837 1830 1868 assumti
1849 1837 2047 1868 ducerentur.

252 1879 347 1911 Hanc
369 1888 474 1911 autem
498 1892 642 1912 caussam
668 1882 766 1913 fuisse
790 1882 954 1918 existimo,
986 1881 1069 1920 quod
1094 1880 1154 1911 alia
1177 1891 1301 1921 quoque
1326 1892 1419 1921 quam
1444 1880 1540 1921 vulgo
1564 1880 1701 1911 creditur
1724 1880 1911 1921 significatio
1934 1880 1965 1909 in
1989 1879 2048 1910 hoc

253 1923 347 1954 verbo
381 1930 433 1954 aut
468 1923 591 1955 delituit
625 1931 677 1955 aut
713 1924 823 1955 saltem
854 1924 986 1965 cogitari
1016 1923 1126 1965 potuit.
1174 1923 1377 1965 Quapropter
1405 1934 1465 1954 non
1491 1923 1566 1953 satis
1589 1924 1647 1954 erit
1671 1934 1727 1953 nec
1750 1923 1859 1962 utique
1883 1922 2048 1953 convenire

252 1966 377 1997 videtur
411 1966 493 2007 quod
519 1965 755 1998 Grammaticus
779 1967 809 1997 in
834 1966 933 1998 Bekk.
958 1966 1080 1997 Anecd.
1108 1963 1164 1998 Gr.
1189 1967 1213 1998 Ι.
1237 1967 1308 1998 416.
1333 1966 1360 1998 9.
1389 1966 1482 1997 dixit:
1507 1966 1663 1997 ὄπαντιῖν·
1687 1966 1721 1997 τὸ
1746 1968 1983 2006 παραγίνεσθαι
2006 1967 2049 2002 εἴς

252 2021 324 2040 τινα
346 2010 456 2040 τόπον.
495 2008 590 2040 Conf.
614 2009 746 2042 Bachm.
770 2009 892 2041 Anecd.
918 2008 975 2041 Gr.
998 2008 1023 2040 I.
1051 2010 1120 2040 111.
1148 2011 1193 2040 17.
1229 2008 1331 2039 Immo
1355 2020 1425 2039 cum
1456 2008 1574 2039 usitata
1596 2008 1627 2038 vi
1656 2014 1750 2048 atque
1773 2013 1928 2050 potestate
1952 2008 2047 2038 etiam

255 2052 450 2083 transitivum
475 2052 671 2083 coniunctam
695 2053 793 2083 fuisse
816 2052 977 2094 probabile
1000 2051 1136 2088 videtur,
1160 2063 1253 2093 quam
1273 2051 1481 2092 qualicunque
1498 2052 1618 2082 ratione
1630 2052 1707 2081 moti
1720 2053 1825 2082 futuro
1838 2050 2047 2081 attribuerunt

253 2095 372 2131 Attici,
408 2095 438 2124 in
473 2094 541 2125 aliis
577 2096 771 2137 temporibus
799 2094 1012 2136 repudiarunt.
1061 2095 1172 2134 Itaque
1202 2095 1479 2136 ἅπαντήσομαι
1502 2094 1601 2125 valet:
1636 2094 1792 2125 conteram
1817 2104 1866 2124 me
1889 2093 1920 2123 in
1943 2093 2047 2124 locum

255 2137 389 2177 aliquem
415 2142 449 2167 ut
471 2137 563 2168 alicui
598 2149 775 2174 occurram,
811 2138 842 2168 id
877 2138 942 2168 sive
971 2137 1073 2168 amico
1099 2138 1164 2167 sive
1187 2137 1301 2168 infesto
1325 2137 1427 2167 animo
1449 2137 1494 2169 fit.
1540 2135 1692 2167 Similiter
1713 2138 1883 2178 βήσομαι
1905 2137 2047 2167 futurum

255 2179 476 2222 explicandum
498 2188 556 2218 est,
580 2181 664 2222 quod
686 2180 762 2211 nihil
786 2180 869 2211 aliud
894 2191 962 2211 esse
986 2180 1084 2220 liquet
1109 2191 1220 2221 quam:
1244 2180 1359 2210 ducam
1382 2191 1432 2210 me
1455 2180 1485 2210 in
1509 2179 1612 2210 locum
1636 2179 1780 2220 aliquem.
1810 2177 1916 2217 Quam
1929 2178 1968 2209 ob
1980 2188 2047 2208 rem

365 2259 391 2289 4)
410 2259 441 2282 In
458 2259 590 2283 locutione
607 2260 712 2290 βαίνειν
730 2257 801 2284 πόδα
819 2267 897 2291 quam
907 2259 970 2283 Eur.
982 2258 1085 2283 Electr.
1097 2258 1138 2283 91.
1149 2259 1287 2290 usurpavit
1305 2258 1403 2290 (ibique
1415 2258 1524 2282 Seidler.
1537 2266 1561 2290 p.
1573 2257 1624 2288 17.)
1644 2265 1696 2282 non
1714 2260 1769 2281 tam
1787 2257 1934 2281 liberiorem
1952 2259 2046 2287 poetae

251 2293 398 2323 dictionem,
416 2296 445 2317 ut
463 2296 554 2317 censet
571 2294 746 2318 Buttmanuus
765 2294 808 2318 Gr.
831 2293 875 2318 Gr.
895 2302 915 2317 s.
933 2302 958 2317 v.
980 2301 1063 2324 quam
1081 2294 1248 2317 transitivum
1267 2293 1341 2317 verbi
1359 2293 1522 2317 intellectum
1540 2294 1629 2316 inesse
1646 2293 1761 2324 reperio,
1791 2292 1835 2323 qui
1862 2290 2000 2315 dilucidius
2018 2291 2045 2314 in

251 2328 545 2394 {gssplosigislgglergin
582 2328 719 2360 Significat
741 2329 824 2353 enim:
843 2327 936 2360 pedem
956 2328 1046 2352 eundo
1066 2336 1180 2352 movere.
1219 2327 1292 2352 Conf.
1312 2327 1376 2352 Lob.
1396 2327 1428 2351 ad
1449 2327 1526 2359 Soph.
1546 2325 1637 2351 Arcto.
1657 2335 1681 2358 p.
1700 2325 1740 2352 Sti.
1760 2334 1799 2358 sq.
1817 2326 1932 2350 Maetzn.
1950 2325 1982 2349 ad
2000 2325 2044 2348 Di-

2068 1160 2105 1270 sff
2076 1130 2084 1142 ⁸

2078 1290 2094 1302 <
