<?xml version="1.0" encoding="UTF-8"?>
<!DOCTYPE html PUBLIC "-//W3C//DTD XHTML 1.0 Transitional//EN"
    "http://www.w3.org/TR/xhtml1/DTD/xhtml1-transitional.dtd">
<html xmlns="http://www.w3.org/1999/xhtml" xml:lang="en" lang="en">
 <head>
  <title>
</title>
<meta http-equiv="Content-Type" content="text/html;charset=utf-8" />
  <meta name='ocr-system' content='tesseract 3.04.00' />
  <meta name='ocr-capabilities' content='ocr_page ocr_carea ocr_par ocr_line ocrx_word'/>
</head>
<body>
  <div class='ocr_page' id='page_1' title='image "./observationumluc00schwuoft_0058.png"; bbox 0 0 2318 2945; ppageno 0'>
   <div class='ocr_carea' id='block_1_1' title="bbox 1173 261 1225 292">
    <p class='ocr_par' dir='ltr' id='par_1_1' title="bbox 1173 261 1225 292">
     <span class='ocr_line' id='line_1_1' title="bbox 1173 261 1225 292; baseline 0 0"><span class='ocrx_word' id='word_1_1' title='bbox 1173 261 1225 292; x_wconf 72' lang='lat'>24</span> 
     </span>
    </p>
   </div>
   <div class='ocr_carea' id='block_1_2' title="bbox 274 360 2107 2241">
    <p class='ocr_par' dir='ltr' id='par_1_2' title="bbox 274 360 2100 875">
     <span class='ocr_line' id='line_1_2' title="bbox 310 360 2093 412; baseline -0.004 -12"><span class='ocrx_word' id='word_1_2' title='bbox 310 380 366 412; x_wconf 90' lang='lat' dir='ltr'>pro</span> <span class='ocrx_word' id='word_1_3' title='bbox 390 369 486 400; x_wconf 80' lang='lat' dir='ltr'>futuri</span> <span class='ocrx_word' id='word_1_4' title='bbox 510 368 661 398; x_wconf 84' lang='lat' dir='ltr'>intactum</span> <span class='ocrx_word' id='word_1_5' title='bbox 684 365 862 406; x_wconf 83' lang='lat' dir='ltr'>reliquerint</span> <span class='ocrx_word' id='word_1_6' title='bbox 887 363 962 394; x_wconf 86' lang='lat' dir='ltr'>nihil</span> <span class='ocrx_word' id='word_1_7' title='bbox 985 374 1116 394; x_wconf 80' lang='lat' dir='ltr'>caussae</span> <span class='ocrx_word' id='word_1_8' title='bbox 1139 363 1244 392; x_wconf 85' lang='lat' dir='ltr'>videre</span> <span class='ocrx_word' id='word_1_9' title='bbox 1268 372 1316 392; x_wconf 89' lang='lat' dir='ltr'>me</span> <span class='ocrx_word' id='word_1_10' title='bbox 1340 360 1495 392; x_wconf 86' lang='lat' dir='ltr'>confiteor.</span> <span class='ocrx_word' id='word_1_11' title='bbox 1543 362 1584 392; x_wconf 84' lang='lat' dir='ltr'>Et</span> <span class='ocrx_word' id='word_1_12' title='bbox 1607 361 1798 392; x_wconf 84' lang='lat' dir='ltr'>Iacobitzius</span> <span class='ocrx_word' id='word_1_13' title='bbox 1822 361 1948 402; x_wconf 90' lang='lat' dir='ltr'>quidem</span> <span class='ocrx_word' id='word_1_14' title='bbox 1971 361 2002 392; x_wconf 92' lang='lat' dir='ltr'>in</span> <span class='ocrx_word' id='word_1_15' title='bbox 2025 361 2093 392; x_wconf 87' lang='lat' dir='ltr'>edi-</span> 
     </span>
     <span class='ocr_line' id='line_1_3' title="bbox 310 403 2093 449; baseline -0.004 -7"><span class='ocrx_word' id='word_1_16' title='bbox 310 412 393 443; x_wconf 82' lang='lat' dir='ltr'><strong>tione</strong></span> <span class='ocrx_word' id='word_1_17' title='bbox 416 410 587 441; x_wconf 82' lang='lat' dir='ltr'>novissima</span> <span class='ocrx_word' id='word_1_18' title='bbox 610 409 648 440; x_wconf 81' lang='lat' dir='ltr'>ad</span> <span class='ocrx_word' id='word_1_19' title='bbox 673 408 844 449; x_wconf 85' lang='lat' dir='ltr'>discipulos</span> <span class='ocrx_word' id='word_1_20' title='bbox 867 406 1024 437; x_wconf 90' lang='lat' dir='ltr'>docendos</span> <span class='ocrx_word' id='word_1_21' title='bbox 1047 406 1204 437; x_wconf 88' lang='lat' dir='ltr'>destinata</span> <span class='ocrx_word' id='word_1_22' title='bbox 1227 403 1300 434; x_wconf 90' lang='lat' dir='ltr'>nihil</span> <span class='ocrx_word' id='word_1_23' title='bbox 1325 403 1363 434; x_wconf 93' lang='lat' dir='ltr'>de</span> <span class='ocrx_word' id='word_1_24' title='bbox 1387 414 1423 435; x_wconf 91' lang='lat' dir='ltr'>eo</span> <span class='ocrx_word' id='word_1_25' title='bbox 1446 412 1614 436; x_wconf 74' lang='lat' dir='ltr'>memorat:</span> <span class='ocrx_word' id='word_1_26' title='bbox 1638 403 1819 435; x_wconf 89' lang='lat' dir='ltr'>Fritzschio</span> <span class='ocrx_word' id='word_1_27' title='bbox 1836 404 1867 434; x_wconf 95' lang='lat' dir='ltr'>in</span> <span class='ocrx_word' id='word_1_28' title='bbox 1890 403 1999 434; x_wconf 86' lang='lat' dir='ltr'>Iudice</span> <span class='ocrx_word' id='word_1_29' title='bbox 2022 415 2093 434; x_wconf 87' lang='lat' dir='ltr'>ver-</span> 
     </span>
     <span class='ocr_line' id='line_1_4' title="bbox 313 445 2094 494; baseline -0.004 -9"><span class='ocrx_word' id='word_1_30' title='bbox 313 454 426 485; x_wconf 90' lang='lat' dir='ltr'>borum</span> <span class='ocrx_word' id='word_1_31' title='bbox 450 465 478 494; x_wconf 91' lang='lat' dir='ltr'>p.</span> <span class='ocrx_word' id='word_1_32' title='bbox 507 455 575 486; x_wconf 88' lang='lat'>111.</span> <span class='ocrx_word' id='word_1_33' title='bbox 612 451 780 481; x_wconf 84' lang='lat' dir='ltr'>aoristus</span> <span class='ocrx_word' id='word_1_34' title='bbox 809 461 878 491; x_wconf 87' lang='lat' dir='ltr'>pro</span> <span class='ocrx_word' id='word_1_35' title='bbox 913 451 1048 480; x_wconf 87' lang='lat' dir='ltr'>futuro</span> <span class='ocrx_word' id='word_1_36' title='bbox 1082 448 1126 479; x_wconf 90' lang='lat' dir='ltr'>de</span> <span class='ocrx_word' id='word_1_37' title='bbox 1159 445 1384 477; x_wconf 83' lang='lat' dir='ltr'>necessario</span> <span class='ocrx_word' id='word_1_38' title='bbox 1417 456 1556 478; x_wconf 90' lang='lat' dir='ltr'>eventu</span> <span class='ocrx_word' id='word_1_39' title='bbox 1590 447 1744 488; x_wconf 90' lang='lat' dir='ltr'>positus</span> <span class='ocrx_word' id='word_1_40' title='bbox 1768 446 1900 478; x_wconf 86' lang='lat' dir='ltr'>videtur.</span> <span class='ocrx_word' id='word_1_41' title='bbox 1946 448 1990 476; x_wconf 81' lang='lat' dir='ltr'>At</span> <span class='ocrx_word' id='word_1_42' title='bbox 2013 446 2094 477; x_wconf 88' lang='lat' dir='ltr'>hano</span> 
     </span>
     <span class='ocr_line' id='line_1_5' title="bbox 312 488 2094 537; baseline -0.005 -9"><span class='ocrx_word' id='word_1_43' title='bbox 312 495 497 528; x_wconf 84' lang='lat' dir='ltr'>sententiam</span> <span class='ocrx_word' id='word_1_44' title='bbox 521 495 629 537; x_wconf 81' lang='lat' dir='ltr'>opinor</span> <span class='ocrx_word' id='word_1_45' title='bbox 651 493 811 524; x_wconf 78' lang='lat' dir='ltr'>revocabit</span> <span class='ocrx_word' id='word_1_46' title='bbox 833 492 881 522; x_wconf 86' lang='lat' dir='ltr'>vir</span> <span class='ocrx_word' id='word_1_47' title='bbox 903 490 1105 522; x_wconf 88' lang='lat' dir='ltr'>doctissimus</span> <span class='ocrx_word' id='word_1_48' title='bbox 1129 490 1154 521; x_wconf 87' lang='lat' dir='ltr'>si</span> <span class='ocrx_word' id='word_1_49' title='bbox 1178 488 1356 519; x_wconf 79' lang='lat' dir='ltr'>accuratius</span> <span class='ocrx_word' id='word_1_50' title='bbox 1379 490 1550 531; x_wconf 71' lang='lat' dir='ltr'>inspexerit</span> <span class='ocrx_word' id='word_1_51' title='bbox 1567 499 1659 530; x_wconf 89' lang='lat' dir='ltr'>quem</span> <span class='ocrx_word' id='word_1_52' title='bbox 1678 488 1745 530; x_wconf 86' lang='lat' dir='ltr'>ipse</span> <span class='ocrx_word' id='word_1_53' title='bbox 1758 488 1861 519; x_wconf 88' lang='lat' dir='ltr'>attulit</span> <span class='ocrx_word' id='word_1_54' title='bbox 1874 488 2094 519; x_wconf 86' lang='lat' dir='ltr'>Hermannum</span> 
     </span>
     <span class='ocr_line' id='line_1_6' title="bbox 311 530 2095 580; baseline -0.004 -11"><span class='ocrx_word' id='word_1_55' title='bbox 311 539 350 569; x_wconf 88' lang='lat' dir='ltr'>ad</span> <span class='ocrx_word' id='word_1_56' title='bbox 378 538 452 580; x_wconf 90' lang='lat' dir='ltr'>Vig.</span> <span class='ocrx_word' id='word_1_57' title='bbox 471 537 602 578; x_wconf 75' lang='lat' dir='ltr'>747.qui</span> <span class='ocrx_word' id='word_1_58' title='bbox 627 536 742 566; x_wconf 78' lang='lat' dir='ltr'>diserte</span> <span class='ocrx_word' id='word_1_59' title='bbox 766 535 873 566; x_wconf 86' lang='lat' dir='ltr'>tradit:</span> <span class='ocrx_word' id='word_1_60' title='bbox 898 533 985 565; x_wconf 79' lang='lat' dir='ltr'>falli</span> <span class='ocrx_word' id='word_1_61' title='bbox 1008 534 1073 574; x_wconf 90' lang='lat' dir='ltr'>qui</span> <span class='ocrx_word' id='word_1_62' title='bbox 1097 532 1281 563; x_wconf 89' lang='lat' dir='ltr'>aoristum</span> <span class='ocrx_word' id='word_1_63' title='bbox 1306 542 1372 572; x_wconf 90' lang='lat' dir='ltr'>pro</span> <span class='ocrx_word' id='word_1_64' title='bbox 1395 533 1527 563; x_wconf 84' lang='lat' dir='ltr'>futuro</span> <span class='ocrx_word' id='word_1_65' title='bbox 1550 531 1639 573; x_wconf 90' lang='lat' dir='ltr'>poni</span> <span class='ocrx_word' id='word_1_66' title='bbox 1663 542 1777 572; x_wconf 91' lang='lat' dir='ltr'>posse</span> <span class='ocrx_word' id='word_1_67' title='bbox 1800 538 1948 572; x_wconf 89' lang='lat' dir='ltr'>putent.</span> <span class='ocrx_word' id='word_1_68' title='bbox 1994 530 2095 562; x_wconf 84' lang='lat' dir='ltr'>Extra</span> 
     </span>
     <span class='ocr_line' id='line_1_7' title="bbox 307 572 2094 614; baseline -0.004 -2"><span class='ocrx_word' id='word_1_69' title='bbox 307 581 453 612; x_wconf 86' lang='lat' dir='ltr'>infinitivi</span> <span class='ocrx_word' id='word_1_70' title='bbox 478 586 665 611; x_wconf 82' lang='lat' dir='ltr'>structuram</span> <span class='ocrx_word' id='word_1_71' title='bbox 689 588 780 608; x_wconf 89' lang='lat' dir='ltr'>nemo</span> <span class='ocrx_word' id='word_1_72' title='bbox 803 588 863 607; x_wconf 93' lang='lat' dir='ltr'>non</span> <span class='ocrx_word' id='word_1_73' title='bbox 887 576 973 607; x_wconf 84' lang='lat' dir='ltr'>videt</span> <span class='ocrx_word' id='word_1_74' title='bbox 1007 576 1153 607; x_wconf 79' lang='lat' dir='ltr'>debuisse</span> <span class='ocrx_word' id='word_1_75' title='bbox 1188 573 1265 604; x_wconf 84' lang='lat' dir='ltr'>dici:</span> <span class='ocrx_word' id='word_1_76' title='bbox 1299 572 1368 606; x_wconf 74' lang='grc' dir='ltr'>οὐδ’</span> <span class='ocrx_word' id='word_1_77' title='bbox 1393 573 1410 604; x_wconf 73' lang='grc' dir='ltr'>ὁ</span> <span class='ocrx_word' id='word_1_78' title='bbox 1435 576 1552 607; x_wconf 77' lang='grc' dir='ltr'>Παίων</span> <span class='ocrx_word' id='word_1_79' title='bbox 1576 573 1705 606; x_wconf 76' lang='grc' dir='ltr'><em>ἰάσεταί</em></span> <span class='ocrx_word' id='word_1_80' title='bbox 1729 586 1764 606; x_wconf 80' lang='grc' dir='ltr'>σε</span> <span class='ocrx_word' id='word_1_81' title='bbox 1787 573 1942 614; x_wconf 88' lang='lat' dir='ltr'>quomodo</span> <span class='ocrx_word' id='word_1_82' title='bbox 1964 574 2015 604; x_wconf 86' lang='lat' dir='ltr'>alii</span> <span class='ocrx_word' id='word_1_83' title='bbox 2039 573 2094 604; x_wconf 89' lang='lat' dir='ltr'>de-</span> 
     </span>
     <span class='ocr_line' id='line_1_8' title="bbox 308 615 2094 659; baseline -0.004 -4"><span class='ocrx_word' id='word_1_84' title='bbox 308 629 482 654; x_wconf 81' lang='lat' dir='ltr'>monstrant</span> <span class='ocrx_word' id='word_1_85' title='bbox 508 622 566 652; x_wconf 84' lang='lat' dir='ltr'>loci</span> <span class='ocrx_word' id='word_1_86' title='bbox 591 627 657 651; x_wconf 86' lang='lat' dir='ltr'>tum</span> <span class='ocrx_word' id='word_1_87' title='bbox 682 622 782 651; x_wconf 81' lang='lat' dir='ltr'>forma</span> <span class='ocrx_word' id='word_1_88' title='bbox 806 626 871 650; x_wconf 90' lang='lat' dir='ltr'>tum</span> <span class='ocrx_word' id='word_1_89' title='bbox 896 618 997 649; x_wconf 87' lang='lat' dir='ltr'>colore</span> <span class='ocrx_word' id='word_1_90' title='bbox 1022 618 1103 649; x_wconf 86' lang='lat' dir='ltr'>haud</span> <span class='ocrx_word' id='word_1_91' title='bbox 1128 617 1270 657; x_wconf 83' lang='lat' dir='ltr'>dispares</span> <span class='ocrx_word' id='word_1_92' title='bbox 1295 615 1378 648; x_wconf 86' lang='lat' dir='ltr'>Dial.</span> <span class='ocrx_word' id='word_1_93' title='bbox 1403 615 1516 647; x_wconf 88' lang='lat' dir='ltr'>Marin.</span> <span class='ocrx_word' id='word_1_94' title='bbox 1540 617 1570 648; x_wconf 89' lang='lat' dir='ltr'>ll.</span> <span class='ocrx_word' id='word_1_95' title='bbox 1594 623 1622 649; x_wconf 80' lang='grc'>4.</span> <span class='ocrx_word' id='word_1_96' title='bbox 1658 615 1752 648; x_wconf 63' lang='grc' dir='ltr'>οὔδε)</span> <span class='ocrx_word' id='word_1_97' title='bbox 1776 615 1792 647; x_wconf 77' lang='grc' dir='ltr'><em>ὃ</em></span> <span class='ocrx_word' id='word_1_98' title='bbox 1819 615 1960 658; x_wconf 70' lang='grc' dir='ltr'><strong><em>πατὴρ,</em></strong></span> <span class='ocrx_word' id='word_1_99' title='bbox 1985 618 2094 659; x_wconf 77' lang='grc' dir='ltr'><em>φησὶν,</em></span> 
     </span>
     <span class='ocr_line' id='line_1_9' title="bbox 311 657 2100 702; baseline -0.005 -4"><span class='ocrx_word' id='word_1_100' title='bbox 311 665 328 699; x_wconf 79' lang='grc' dir='ltr'><em>ὃ</em></span> <span class='ocrx_word' id='word_1_101' title='bbox 353 668 526 698; x_wconf 79' lang='grc' dir='ltr'><em>Ποσειδῶν</em></span> <span class='ocrx_word' id='word_1_102' title='bbox 549 663 709 696; x_wconf 66' lang='grc' dir='ltr'><strong><em>ἰάσεταί</em></strong></span> <span class='ocrx_word' id='word_1_103' title='bbox 738 675 782 695; x_wconf 88' lang='grc' dir='ltr'>σε.</span> <span class='ocrx_word' id='word_1_104' title='bbox 818 662 871 692; x_wconf 88' lang='lat' dir='ltr'>ubi</span> <span class='ocrx_word' id='word_1_105' title='bbox 906 661 1071 702; x_wconf 84' lang='lat' dir='ltr'>respicitur</span> <span class='ocrx_word' id='word_1_106' title='bbox 1105 659 1200 690; x_wconf 90' lang='lat' dir='ltr'>Hom.</span> <span class='ocrx_word' id='word_1_107' title='bbox 1227 657 1288 690; x_wconf 85' lang='lat' dir='ltr'>Od.</span> <span class='ocrx_word' id='word_1_108' title='bbox 1313 658 1375 689; x_wconf 84' lang='lat' dir='ltr'>IX.</span> <span class='ocrx_word' id='word_1_109' title='bbox 1400 659 1471 691; x_wconf 70' lang='lat'>524.</span> <span class='ocrx_word' id='word_1_110' title='bbox 1507 658 1551 698; x_wconf 77' lang='grc' dir='ltr'>ὡς</span> <span class='ocrx_word' id='word_1_111' title='bbox 1585 657 1643 691; x_wconf 75' lang='grc' dir='ltr'>οὐκ</span> <span class='ocrx_word' id='word_1_112' title='bbox 1679 657 1856 701; x_wconf 71' lang='grc' dir='ltr'>ὀφθαλμόν</span> <span class='ocrx_word' id='word_1_113' title='bbox 1885 657 1909 699; x_wconf 85' lang='lat' dir='ltr'>y&#39;</span> <span class='ocrx_word' id='word_1_114' title='bbox 1936 657 2100 701; x_wconf 75' lang='grc' dir='ltr'><strong><em>ἰήσεται</em></strong></span> 
     </span>
     <span class='ocr_line' id='line_1_10' title="bbox 311 700 2099 746; baseline -0.005 -5"><span class='ocrx_word' id='word_1_115' title='bbox 311 708 389 741; x_wconf 82' lang='grc' dir='ltr'><strong><em>οὐδ’</em></strong></span> <span class='ocrx_word' id='word_1_116' title='bbox 414 707 661 746; x_wconf 71' lang='grc' dir='ltr'>Ἐνοσίχθων.</span> <span class='ocrx_word' id='word_1_117' title='bbox 707 705 798 737; x_wconf 85' lang='lat' dir='ltr'>Asin.</span> <span class='ocrx_word' id='word_1_118' title='bbox 821 706 849 737; x_wconf 82' lang='lat'>6.</span> <span class='ocrx_word' id='word_1_119' title='bbox 886 703 1132 745; x_wconf 67' lang='grc' dir='ltr'><em>θεραπεύσει</em></span> <span class='ocrx_word' id='word_1_120' title='bbox 1167 703 1203 734; x_wconf 83' lang='grc' dir='ltr'>δέ</span> <span class='ocrx_word' id='word_1_121' title='bbox 1237 714 1272 733; x_wconf 82' lang='grc' dir='ltr'>σε</span> <span class='ocrx_word' id='word_1_122' title='bbox 1307 700 1409 739; x_wconf 61' lang='grc' dir='ltr'>οὐδεὶς</span> <span class='ocrx_word' id='word_1_123' title='bbox 1442 701 1512 733; x_wconf 72' lang='grc' dir='ltr'>ἀλλ’</span> <span class='ocrx_word' id='word_1_124' title='bbox 1538 700 1630 734; x_wconf 79' lang='grc' dir='ltr'>οὐδὲ</span> <span class='ocrx_word' id='word_1_125' title='bbox 1660 702 1756 740; x_wconf 75' lang='grc' dir='ltr'><em>θεὸς</em></span> <span class='ocrx_word' id='word_1_126' title='bbox 1780 701 1928 744; x_wconf 74' lang='grc' dir='ltr'>ἰατρός.</span> <span class='ocrx_word' id='word_1_127' title='bbox 1975 701 2099 732; x_wconf 81' lang='lat' dir='ltr'>Poteris</span> 
     </span>
     <span class='ocr_line' id='line_1_11' title="bbox 274 741 2097 790; baseline -0.005 -10"><span class='ocrx_word' id='word_1_128' title='bbox 274 772 277 780; x_wconf 73' lang='lat'>.</span> <span class='ocrx_word' id='word_1_129' title='bbox 311 762 386 783; x_wconf 86' lang='lat' dir='ltr'>vero</span> <span class='ocrx_word' id='word_1_130' title='bbox 409 750 503 782; x_wconf 87' lang='lat' dir='ltr'>etiam</span> <span class='ocrx_word' id='word_1_131' title='bbox 527 748 679 790; x_wconf 84' lang='lat' dir='ltr'>particula</span> <span class='ocrx_word' id='word_1_132' title='bbox 703 746 742 780; x_wconf 64' lang='grc' dir='ltr'>ὃν</span> <span class='ocrx_word' id='word_1_133' title='bbox 763 747 949 788; x_wconf 86' lang='lat' dir='ltr'>interposita</span> <span class='ocrx_word' id='word_1_134' title='bbox 972 757 1070 786; x_wconf 87' lang='lat' dir='ltr'>aeque</span> <span class='ocrx_word' id='word_1_135' title='bbox 1099 745 1177 776; x_wconf 89' lang='lat' dir='ltr'>bene</span> <span class='ocrx_word' id='word_1_136' title='bbox 1202 744 1353 774; x_wconf 88' lang='lat' dir='ltr'>scribere:</span> <span class='ocrx_word' id='word_1_137' title='bbox 1389 743 1588 778; x_wconf 70' lang='grc' dir='ltr'><em>ἰάσασθαι</em></span> <span class='ocrx_word' id='word_1_138' title='bbox 1613 741 1656 776; x_wconf 68' lang='grc' dir='ltr'>ξίν</span> <span class='ocrx_word' id='word_1_139' title='bbox 1680 757 1741 780; x_wconf 63' lang='lat' dir='ltr'>og„</span> <span class='ocrx_word' id='word_1_140' title='bbox 1777 744 1933 785; x_wconf 85' lang='lat' dir='ltr'>quomodo</span> <span class='ocrx_word' id='word_1_141' title='bbox 1957 750 2097 774; x_wconf 68' lang='lat' dir='ltr'>oratnone</span> 
     </span>
     <span class='ocr_line' id='line_1_12' title="bbox 312 785 2096 831; baseline -0.004 -6"><span class='ocrx_word' id='word_1_142' title='bbox 312 800 398 825; x_wconf 83' lang='lat' dir='ltr'>recta</span> <span class='ocrx_word' id='word_1_143' title='bbox 422 793 545 823; x_wconf 84' lang='lat' dir='ltr'>locutus</span> <span class='ocrx_word' id='word_1_144' title='bbox 565 796 612 821; x_wconf 88' lang='lat' dir='ltr'>est</span> <span class='ocrx_word' id='word_1_145' title='bbox 626 790 749 821; x_wconf 89' lang='lat' dir='ltr'>Phalar.</span> <span class='ocrx_word' id='word_1_146' title='bbox 765 790 825 831; x_wconf 90' lang='lat' dir='ltr'>Ep.</span> <span class='ocrx_word' id='word_1_147' title='bbox 843 791 910 821; x_wconf 83' lang='lat'>107.</span> <span class='ocrx_word' id='word_1_148' title='bbox 936 790 976 822; x_wconf 75' lang='grc' dir='ltr'>σὲ</span> <span class='ocrx_word' id='word_1_149' title='bbox 1001 789 1043 821; x_wconf 79' lang='grc' dir='ltr'>δὲ</span> <span class='ocrx_word' id='word_1_150' title='bbox 1066 786 1133 820; x_wconf 67' lang='grc' dir='ltr'>οὒκ</span> <span class='ocrx_word' id='word_1_151' title='bbox 1159 786 1201 818; x_wconf 64' lang='grc' dir='ltr'>ἂν</span> <span class='ocrx_word' id='word_1_152' title='bbox 1226 785 1306 818; x_wconf 61' lang='grc' dir='ltr'>ιη’νᾶ</span> <span class='ocrx_word' id='word_1_153' title='bbox 1327 786 1447 825; x_wconf 65' lang='grc' dir='ltr'><strong><em>αὐτὸς</em></strong></span> <span class='ocrx_word' id='word_1_154' title='bbox 1471 785 1487 817; x_wconf 70' lang='grc' dir='ltr'><em>ὃ</em></span> <span class='ocrx_word' id='word_1_155' title='bbox 1513 790 1579 828; x_wconf 70' lang='grc' dir='ltr'>τῆς</span> <span class='ocrx_word' id='word_1_156' title='bbox 1602 789 1741 829; x_wconf 73' lang='grc' dir='ltr'><strong><em>τέχνης</em></strong></span> <span class='ocrx_word' id='word_1_157' title='bbox 1765 785 2096 829; x_wconf 76' lang='grc' dir='ltr'>ἡγεμώνἈσπλη-</span> 
     </span>
     <span class='ocr_line' id='line_1_13' title="bbox 309 828 1840 875; baseline -0.005 -7"><span class='ocrx_word' id='word_1_158' title='bbox 309 837 399 874; x_wconf 61' lang='lat' dir='ltr'>mog</span> <span class='ocrx_word' id='word_1_159' title='bbox 421 835 503 875; x_wconf 81' lang='grc' dir='ltr'><em>μετὰ</em></span> <span class='ocrx_word' id='word_1_160' title='bbox 529 834 656 866; x_wconf 72' lang='grc' dir='ltr'>πάντων</span> <span class='ocrx_word' id='word_1_161' title='bbox 679 833 841 865; x_wconf 70' lang='grc' dir='ltr'><strong><em>ἰάσαιτο</em></strong></span> <span class='ocrx_word' id='word_1_162' title='bbox 865 835 928 864; x_wconf 76' lang='grc' dir='ltr'>τῶν</span> <span class='ocrx_word' id='word_1_163' title='bbox 952 835 1049 870; x_wconf 70' lang='grc' dir='ltr'><em>θεῶν,</em></span> <span class='ocrx_word' id='word_1_164' title='bbox 1073 830 1127 861; x_wconf 92' lang='lat' dir='ltr'>ubi</span> <span class='ocrx_word' id='word_1_165' title='bbox 1150 829 1248 860; x_wconf 78' lang='lat' dir='ltr'>nostri</span> <span class='ocrx_word' id='word_1_166' title='bbox 1271 829 1330 859; x_wconf 83' lang='lat' dir='ltr'>loci</span> <span class='ocrx_word' id='word_1_167' title='bbox 1354 840 1414 859; x_wconf 88' lang='lat' dir='ltr'>non</span> <span class='ocrx_word' id='word_1_168' title='bbox 1438 829 1553 860; x_wconf 85' lang='lat' dir='ltr'>oblitus</span> <span class='ocrx_word' id='word_1_169' title='bbox 1576 835 1625 860; x_wconf 85' lang='lat' dir='ltr'>est</span> <span class='ocrx_word' id='word_1_170' title='bbox 1647 828 1840 871; x_wconf 85' lang='lat' dir='ltr'>Lennepius.</span> 
     </span>
    </p>

    <p class='ocr_par' dir='ltr' id='par_1_3' title="bbox 309 869 2102 1169">
     <span class='ocr_line' id='line_1_14' title="bbox 426 869 2099 915; baseline -0.004 -6"><span class='ocrx_word' id='word_1_171' title='bbox 426 877 503 909; x_wconf 87' lang='lat' dir='ltr'>Dial.</span> <span class='ocrx_word' id='word_1_172' title='bbox 527 877 619 908; x_wconf 90' lang='lat' dir='ltr'>Deor.</span> <span class='ocrx_word' id='word_1_173' title='bbox 643 875 725 907; x_wconf 88' lang='lat' dir='ltr'>XX.</span> <span class='ocrx_word' id='word_1_174' title='bbox 754 878 780 907; x_wconf 86' lang='lat'>1.</span> <span class='ocrx_word' id='word_1_175' title='bbox 827 898 834 905; x_wconf 86' lang='lat'>.</span> <span class='ocrx_word' id='word_1_176' title='bbox 859 900 866 907; x_wconf 91' lang='lat'>.</span> <span class='ocrx_word' id='word_1_177' title='bbox 892 900 898 906; x_wconf 92' lang='lat'>.</span> <span class='ocrx_word' id='word_1_178' title='bbox 924 876 1032 915; x_wconf 71' lang='grc' dir='ltr'><em>λαβὼν</em></span> <span class='ocrx_word' id='word_1_179' title='bbox 1055 875 1143 905; x_wconf 75' lang='grc' dir='ltr'><strong><em>τουτὶ</em></strong></span> <span class='ocrx_word' id='word_1_180' title='bbox 1167 873 1203 904; x_wconf 83' lang='grc' dir='ltr'>τὸ</span> <span class='ocrx_word' id='word_1_181' title='bbox 1226 874 1330 913; x_wconf 81' lang='grc' dir='ltr'><em>μῆλον</em></span> <span class='ocrx_word' id='word_1_182' title='bbox 1354 869 1455 904; x_wconf 64' lang='grc' dir='ltr'><em>ἔπιθι</em></span> <span class='ocrx_word' id='word_1_183' title='bbox 1484 872 1587 913; x_wconf 87' lang='lat' dir='ltr'>tetigit</span> <span class='ocrx_word' id='word_1_184' title='bbox 1610 871 1713 903; x_wconf 87' lang='lat' dir='ltr'>Boiss.</span> <span class='ocrx_word' id='word_1_185' title='bbox 1738 872 1859 904; x_wconf 83' lang='lat' dir='ltr'>Anecd.</span> <span class='ocrx_word' id='word_1_186' title='bbox 1885 869 1940 902; x_wconf 91' lang='lat' dir='ltr'>Gr.</span> <span class='ocrx_word' id='word_1_187' title='bbox 1960 871 2000 904; x_wconf 93' lang='lat' dir='ltr'>V.</span> <span class='ocrx_word' id='word_1_188' title='bbox 2028 871 2099 904; x_wconf 86' lang='grc'><strong>148.</strong></span> 
     </span>
     <span class='ocr_line' id='line_1_15' title="bbox 309 911 2098 959; baseline -0.004 -9"><span class='ocrx_word' id='word_1_189' title='bbox 309 921 345 953; x_wconf 88' lang='lat' dir='ltr'>In</span> <span class='ocrx_word' id='word_1_190' title='bbox 369 920 473 951; x_wconf 87' lang='lat' dir='ltr'>verbis</span> <span class='ocrx_word' id='word_1_191' title='bbox 498 930 578 959; x_wconf 86' lang='lat' dir='ltr'>qnae</span> <span class='ocrx_word' id='word_1_192' title='bbox 601 919 681 950; x_wconf 83' lang='lat' dir='ltr'>infra</span> <span class='ocrx_word' id='word_1_193' title='bbox 705 924 891 959; x_wconf 86' lang='lat' dir='ltr'>sequuntur:</span> <span class='ocrx_word' id='word_1_194' title='bbox 917 916 933 947; x_wconf 72' lang='grc' dir='ltr'><em>ὃ</em></span> <span class='ocrx_word' id='word_1_195' title='bbox 960 919 993 949; x_wconf 64' lang='grc' dir='ltr'>δὲ</span> <span class='ocrx_word' id='word_1_196' title='bbox 1018 918 1144 954; x_wconf 72' lang='grc' dir='ltr'><strong><em>νεανίας</em></strong></span> <span class='ocrx_word' id='word_1_197' title='bbox 1167 913 1184 946; x_wconf 74' lang='grc' dir='ltr'><em>ὃ</em></span> <span class='ocrx_word' id='word_1_198' title='bbox 1202 915 1294 957; x_wconf 62' lang='grc' dir='ltr'>Φρὺξ</span> <span class='ocrx_word' id='word_1_199' title='bbox 1315 914 1365 957; x_wconf 75' lang='grc' dir='ltr'>ἐφ’</span> <span class='ocrx_word' id='word_1_200' title='bbox 1392 911 1428 946; x_wconf 67' lang='grc' dir='ltr'>ὃν</span> <span class='ocrx_word' id='word_1_201' title='bbox 1452 912 1551 947; x_wconf 66' lang='grc' dir='ltr'><em>ἄπιτε</em></span> <span class='ocrx_word' id='word_1_202' title='bbox 1572 916 1742 955; x_wconf 83' lang='grc' dir='ltr'><strong><em>βασιλικὸς</em></strong></span> <span class='ocrx_word' id='word_1_203' title='bbox 1764 917 1823 955; x_wconf 81' lang='grc' dir='ltr'>μέν</span> <span class='ocrx_word' id='word_1_204' title='bbox 1840 915 1907 946; x_wconf 75' lang='grc' dir='ltr'><strong><em>ἐστι</em></strong></span> <span class='ocrx_word' id='word_1_205' title='bbox 1927 914 1980 946; x_wconf 80' lang='grc' dir='ltr'>καὶ</span> <span class='ocrx_word' id='word_1_206' title='bbox 1998 917 2098 946; x_wconf 79' lang='grc' dir='ltr'>Γανυ-</span> 
     </span>
     <span class='ocr_line' id='line_1_16' title="bbox 311 956 2098 1006; baseline -0.005 -11"><span class='ocrx_word' id='word_1_207' title='bbox 311 962 437 1006; x_wconf 71' lang='grc' dir='ltr'>μήδους</span> <span class='ocrx_word' id='word_1_208' title='bbox 460 962 575 994; x_wconf 74' lang='grc' dir='ltr'><strong><em>τούτου</em></strong></span> <span class='ocrx_word' id='word_1_209' title='bbox 599 962 749 1003; x_wconf 68' lang='grc' dir='ltr'>ξυγγενὴς</span> <span class='ocrx_word' id='word_1_210' title='bbox 772 961 937 1002; x_wconf 64' lang='grc' dir='ltr'>(συγγενῖς</span> <span class='ocrx_word' id='word_1_211' title='bbox 961 959 1067 996; x_wconf 86' lang='lat' dir='ltr'>Dind.)</span> <span class='ocrx_word' id='word_1_212' title='bbox 1100 958 1261 999; x_wconf 77' lang='lat' dir='ltr'>vulgatam</span> <span class='ocrx_word' id='word_1_213' title='bbox 1297 957 1379 987; x_wconf 84' lang='lat' dir='ltr'>hanc</span> <span class='ocrx_word' id='word_1_214' title='bbox 1402 957 1566 988; x_wconf 86' lang='lat' dir='ltr'>lectionem</span> <span class='ocrx_word' id='word_1_215' title='bbox 1590 962 1730 988; x_wconf 85' lang='lat' dir='ltr'>tutantur</span> <span class='ocrx_word' id='word_1_216' title='bbox 1752 957 1943 988; x_wconf 89' lang='lat' dir='ltr'>lacobitzius</span> <span class='ocrx_word' id='word_1_217' title='bbox 1966 962 1996 987; x_wconf 84' lang='lat' dir='ltr'>et</span> <span class='ocrx_word' id='word_1_218' title='bbox 2020 956 2098 987; x_wconf 92' lang='lat' dir='ltr'>Din-</span> 
     </span>
     <span class='ocr_line' id='line_1_17' title="bbox 314 999 2099 1045; baseline -0.003 -9"><span class='ocrx_word' id='word_1_219' title='bbox 314 1005 432 1036; x_wconf 88' lang='lat' dir='ltr'>dorfius</span> <span class='ocrx_word' id='word_1_220' title='bbox 456 1005 486 1035; x_wconf 89' lang='lat' dir='ltr'>in</span> <span class='ocrx_word' id='word_1_221' title='bbox 510 1011 641 1045; x_wconf 83' lang='lat' dir='ltr'>utraque</span> <span class='ocrx_word' id='word_1_222' title='bbox 665 1004 799 1034; x_wconf 86' lang='lat' dir='ltr'>editione</span> <span class='ocrx_word' id='word_1_223' title='bbox 824 1013 1001 1043; x_wconf 84' lang='lat' dir='ltr'>quanquam</span> <span class='ocrx_word' id='word_1_224' title='bbox 1026 1000 1225 1031; x_wconf 85' lang='lat' dir='ltr'>Fritzschius</span> <span class='ocrx_word' id='word_1_225' title='bbox 1249 1000 1332 1030; x_wconf 88' lang='lat' dir='ltr'>viam</span> <span class='ocrx_word' id='word_1_226' title='bbox 1355 1000 1416 1030; x_wconf 88' lang='lat' dir='ltr'>iam</span> <span class='ocrx_word' id='word_1_227' title='bbox 1441 1000 1561 1042; x_wconf 81' lang='lat' dir='ltr'>pridem</span> <span class='ocrx_word' id='word_1_228' title='bbox 1586 1007 1815 1030; x_wconf 81' lang='lat' dir='ltr'>monstraverat</span> <span class='ocrx_word' id='word_1_229' title='bbox 1838 1010 1932 1040; x_wconf 77' lang='lat' dir='ltr'>quam</span> <span class='ocrx_word' id='word_1_230' title='bbox 1955 999 2099 1030; x_wconf 79' lang='lat' dir='ltr'>insistere</span> 
     </span>
     <span class='ocr_line' id='line_1_18' title="bbox 315 1041 2101 1087; baseline -0.004 -8"><span class='ocrx_word' id='word_1_231' title='bbox 315 1047 480 1079; x_wconf 87' lang='lat' dir='ltr'>debebant.</span> <span class='ocrx_word' id='word_1_232' title='bbox 527 1048 557 1078; x_wconf 90' lang='lat' dir='ltr'>Is</span> <span class='ocrx_word' id='word_1_233' title='bbox 591 1047 672 1077; x_wconf 90' lang='lat' dir='ltr'>enim</span> <span class='ocrx_word' id='word_1_234' title='bbox 708 1057 780 1077; x_wconf 89' lang='lat' dir='ltr'>cum</span> <span class='ocrx_word' id='word_1_235' title='bbox 810 1045 958 1087; x_wconf 78' lang='lat' dir='ltr'>Longolii</span> <span class='ocrx_word' id='word_1_236' title='bbox 987 1050 1134 1085; x_wconf 83' lang='lat' dir='ltr'>excerpta</span> <span class='ocrx_word' id='word_1_237' title='bbox 1156 1042 1291 1073; x_wconf 86' lang='lat' dir='ltr'>habeant</span> <span class='ocrx_word' id='word_1_238' title='bbox 1315 1044 1442 1074; x_wconf 71' lang='grc' dir='ltr'>τουτουὶ</span> <span class='ocrx_word' id='word_1_239' title='bbox 1466 1043 1550 1073; x_wconf 85' lang='lat' dir='ltr'>solus</span> <span class='ocrx_word' id='word_1_240' title='bbox 1573 1041 1604 1072; x_wconf 86' lang='lat' dir='ltr'>id</span> <span class='ocrx_word' id='word_1_241' title='bbox 1628 1053 1688 1072; x_wconf 89' lang='lat' dir='ltr'>non</span> <span class='ocrx_word' id='word_1_242' title='bbox 1711 1042 1866 1074; x_wconf 83' lang='lat' dir='ltr'>dubitavit</span> <span class='ocrx_word' id='word_1_243' title='bbox 1889 1044 2046 1082; x_wconf 81' lang='lat' dir='ltr'>praeferre</span> <span class='ocrx_word' id='word_1_244' title='bbox 2069 1047 2101 1072; x_wconf 89' lang='lat' dir='ltr'>et</span> 
     </span>
     <span class='ocr_line' id='line_1_19' title="bbox 313 1084 2102 1131; baseline -0.004 -10"><span class='ocrx_word' id='word_1_245' title='bbox 313 1091 460 1131; x_wconf 87' lang='lat' dir='ltr'>quoniam</span> <span class='ocrx_word' id='word_1_246' title='bbox 485 1089 568 1130; x_wconf 87' lang='lat' dir='ltr'>quod</span> <span class='ocrx_word' id='word_1_247' title='bbox 592 1089 701 1119; x_wconf 61' lang='lat' dir='ltr'>codex*</span> <span class='ocrx_word' id='word_1_248' title='bbox 717 1088 879 1119; x_wconf 86' lang='lat' dir='ltr'>Parisinus</span> <span class='ocrx_word' id='word_1_249' title='bbox 906 1088 994 1120; x_wconf 88' lang='grc'>1310.</span> <span class='ocrx_word' id='word_1_250' title='bbox 1028 1087 1118 1119; x_wconf 79' lang='grc' dir='ltr'><strong><em>τουτὶ</em></strong></span> <span class='ocrx_word' id='word_1_251' title='bbox 1148 1085 1277 1126; x_wconf 85' lang='lat' dir='ltr'>praebet</span> <span class='ocrx_word' id='word_1_252' title='bbox 1306 1085 1492 1116; x_wconf 79' lang='lat' dir='ltr'>manifestus</span> <span class='ocrx_word' id='word_1_253' title='bbox 1517 1090 1564 1116; x_wconf 84' lang='lat' dir='ltr'>est</span> <span class='ocrx_word' id='word_1_254' title='bbox 1586 1084 1702 1115; x_wconf 86' lang='lat' dir='ltr'>librarii</span> <span class='ocrx_word' id='word_1_255' title='bbox 1727 1096 1811 1115; x_wconf 87' lang='lat' dir='ltr'>error</span> <span class='ocrx_word' id='word_1_256' title='bbox 1834 1084 1999 1115; x_wconf 87' lang='lat' dir='ltr'>commode</span> <span class='ocrx_word' id='word_1_257' title='bbox 2022 1084 2102 1115; x_wconf 85' lang='lat' dir='ltr'>vidit</span> 
     </span>
     <span class='ocr_line' id='line_1_20' title="bbox 316 1126 2099 1169; baseline -0.006 -5"><span class='ocrx_word' id='word_1_258' title='bbox 316 1132 536 1164; x_wconf 86' lang='lat' dir='ltr'>Boissonadus</span> <span class='ocrx_word' id='word_1_259' title='bbox 557 1132 588 1162; x_wconf 91' lang='lat' dir='ltr'>in</span> <span class='ocrx_word' id='word_1_260' title='bbox 612 1131 734 1163; x_wconf 80' lang='lat' dir='ltr'>Anecd.</span> <span class='ocrx_word' id='word_1_261' title='bbox 760 1130 815 1163; x_wconf 86' lang='lat' dir='ltr'>Gr.</span> <span class='ocrx_word' id='word_1_262' title='bbox 833 1130 886 1163; x_wconf 85' lang='lat' dir='ltr'>lV.</span> <span class='ocrx_word' id='word_1_263' title='bbox 900 1130 970 1163; x_wconf 65' lang='lat'>418.</span> <span class='ocrx_word' id='word_1_264' title='bbox 994 1129 1203 1160; x_wconf 87' lang='lat' dir='ltr'>certissimum</span> <span class='ocrx_word' id='word_1_265' title='bbox 1227 1127 1279 1157; x_wconf 82' lang='lat' dir='ltr'>hic</span> <span class='ocrx_word' id='word_1_266' title='bbox 1302 1128 1430 1169; x_wconf 90' lang='lat' dir='ltr'>potioris</span> <span class='ocrx_word' id='word_1_267' title='bbox 1454 1128 1627 1169; x_wconf 85' lang='lat' dir='ltr'>scripturae</span> <span class='ocrx_word' id='word_1_268' title='bbox 1650 1129 1777 1160; x_wconf 67' lang='grc' dir='ltr'><strong><em>τουτουὶ</em></strong></span> <span class='ocrx_word' id='word_1_269' title='bbox 1799 1127 1896 1158; x_wconf 78' lang='lat' dir='ltr'>latere</span> <span class='ocrx_word' id='word_1_270' title='bbox 1920 1126 2099 1168; x_wconf 78' lang='lat' dir='ltr'>vestigium‚</span> 
     </span>
    </p>

    <p class='ocr_par' dir='ltr' id='par_1_4' title="bbox 310 1167 2104 1683">
     <span class='ocr_line' id='line_1_21' title="bbox 426 1167 2098 1213; baseline -0.004 -6"><span class='ocrx_word' id='word_1_271' title='bbox 426 1175 507 1207; x_wconf 87' lang='lat' dir='ltr'>Dial.</span> <span class='ocrx_word' id='word_1_272' title='bbox 530 1175 623 1206; x_wconf 88' lang='lat' dir='ltr'>Deor.</span> <span class='ocrx_word' id='word_1_273' title='bbox 647 1173 731 1206; x_wconf 93' lang='lat' dir='ltr'>XX.</span> <span class='ocrx_word' id='word_1_274' title='bbox 758 1174 804 1205; x_wconf 89' lang='lat'>10.</span> <span class='ocrx_word' id='word_1_275' title='bbox 829 1173 861 1205; x_wconf 78' lang='grc' dir='ltr'>τί</span> <span class='ocrx_word' id='word_1_276' title='bbox 890 1170 945 1205; x_wconf 66' lang='grc' dir='ltr'>οὖν</span> <span class='ocrx_word' id='word_1_277' title='bbox 969 1171 1039 1212; x_wconf 60' lang='grc' dir='ltr'>ιη”χὶ</span> <span class='ocrx_word' id='word_1_278' title='bbox 1063 1172 1118 1204; x_wconf 83' lang='grc' dir='ltr'>καὶ</span> <span class='ocrx_word' id='word_1_279' title='bbox 1141 1171 1196 1209; x_wconf 59' lang='grc' dir='ltr'><em>σι’ν,</em></span> <span class='ocrx_word' id='word_1_280' title='bbox 1221 1167 1245 1201; x_wconf 73' lang='grc' dir='ltr'><em>ὦ</em></span> <span class='ocrx_word' id='word_1_281' title='bbox 1267 1169 1423 1212; x_wconf 73' lang='grc' dir='ltr'><em>Ἀθηνᾶ,</em></span> <span class='ocrx_word' id='word_1_282' title='bbox 1448 1196 1473 1202; x_wconf 89' lang='grc'>..</span> <span class='ocrx_word' id='word_1_283' title='bbox 1497 1171 1597 1213; x_wconf 77' lang='grc' dir='ltr'><strong><em>ψιλὴν</em></strong></span> <span class='ocrx_word' id='word_1_284' title='bbox 1621 1170 1678 1210; x_wconf 67' lang='grc' dir='ltr'>τήν</span> <span class='ocrx_word' id='word_1_285' title='bbox 1701 1171 1845 1212; x_wconf 74' lang='grc' dir='ltr'><em>κεφαλὴν</em></span> <span class='ocrx_word' id='word_1_286' title='bbox 1868 1169 2098 1208; x_wconf 51' lang='lat' dir='ltr'>&amp;md-eamdam</span> 
     </span>
     <span class='ocr_line' id='line_1_22' title="bbox 314 1212 2101 1258; baseline -0.004 -9"><span class='ocrx_word' id='word_1_287' title='bbox 314 1217 404 1249; x_wconf 90' lang='lat' dir='ltr'>Leve</span> <span class='ocrx_word' id='word_1_288' title='bbox 428 1218 554 1258; x_wconf 89' lang='lat' dir='ltr'>quidem</span> <span class='ocrx_word' id='word_1_289' title='bbox 580 1223 626 1247; x_wconf 87' lang='lat' dir='ltr'>est</span> <span class='ocrx_word' id='word_1_290' title='bbox 650 1216 732 1257; x_wconf 91' lang='lat' dir='ltr'>quod</span> <span class='ocrx_word' id='word_1_291' title='bbox 756 1216 795 1247; x_wconf 90' lang='lat' dir='ltr'>de</span> <span class='ocrx_word' id='word_1_292' title='bbox 817 1215 877 1246; x_wconf 87' lang='lat' dir='ltr'>hoc</span> <span class='ocrx_word' id='word_1_293' title='bbox 901 1218 968 1247; x_wconf 86' lang='lat' dir='ltr'>loco</span> <span class='ocrx_word' id='word_1_294' title='bbox 990 1225 1102 1245; x_wconf 88' lang='lat' dir='ltr'>moneo</span> <span class='ocrx_word' id='word_1_295' title='bbox 1125 1213 1180 1244; x_wconf 86' lang='lat' dir='ltr'>sed</span> <span class='ocrx_word' id='word_1_296' title='bbox 1203 1213 1366 1243; x_wconf 88' lang='lat' dir='ltr'>eiusmodo</span> <span class='ocrx_word' id='word_1_297' title='bbox 1385 1220 1488 1243; x_wconf 85' lang='lat' dir='ltr'>tamen</span> <span class='ocrx_word' id='word_1_298' title='bbox 1505 1220 1538 1243; x_wconf 92' lang='lat' dir='ltr'>nt</span> <span class='ocrx_word' id='word_1_299' title='bbox 1553 1212 1676 1243; x_wconf 86' lang='lat' dir='ltr'>silentio</span> <span class='ocrx_word' id='word_1_300' title='bbox 1689 1213 1935 1253; x_wconf 84' lang='lat' dir='ltr'>praetermittere</span> <span class='ocrx_word' id='word_1_301' title='bbox 1948 1223 2101 1253; x_wconf 86' lang='lat' dir='ltr'>nequeam</span> 
     </span>
     <span class='ocr_line' id='line_1_23' title="bbox 315 1254 2101 1297; baseline -0.004 -6"><span class='ocrx_word' id='word_1_302' title='bbox 315 1271 385 1292; x_wconf 87' lang='lat' dir='ltr'>cum</span> <span class='ocrx_word' id='word_1_303' title='bbox 421 1271 471 1291; x_wconf 87' lang='lat' dir='ltr'>me</span> <span class='ocrx_word' id='word_1_304' title='bbox 506 1266 703 1290; x_wconf 86' lang='lat' dir='ltr'>commoveat</span> <span class='ocrx_word' id='word_1_305' title='bbox 737 1268 772 1289; x_wconf 79' lang='lat' dir='ltr'>ut</span> <span class='ocrx_word' id='word_1_306' title='bbox 803 1258 964 1289; x_wconf 86' lang='lat' dir='ltr'>lacobitzii</span> <span class='ocrx_word' id='word_1_307' title='bbox 989 1257 1229 1287; x_wconf 85' lang='lat' dir='ltr'>inconstantiam</span> <span class='ocrx_word' id='word_1_308' title='bbox 1253 1266 1291 1285; x_wconf 88' lang='lat' dir='ltr'>ne</span> <span class='ocrx_word' id='word_1_309' title='bbox 1315 1254 1418 1285; x_wconf 86' lang='lat' dir='ltr'>dicam</span> <span class='ocrx_word' id='word_1_310' title='bbox 1441 1254 1666 1297; x_wconf 84' lang='lat' dir='ltr'>negligentiam</span> <span class='ocrx_word' id='word_1_311' title='bbox 1691 1255 1884 1285; x_wconf 84' lang='lat' dir='ltr'>convincam.</span> <span class='ocrx_word' id='word_1_312' title='bbox 1930 1254 1995 1285; x_wconf 81' lang='lat' dir='ltr'>Hic</span> <span class='ocrx_word' id='word_1_313' title='bbox 2018 1255 2101 1285; x_wconf 90' lang='lat' dir='ltr'>enim</span> 
     </span>
     <span class='ocr_line' id='line_1_24' title="bbox 316 1296 2104 1337; baseline -0.003 -2"><span class='ocrx_word' id='word_1_314' title='bbox 316 1302 508 1335; x_wconf 81' lang='lat' dir='ltr'>Iacobitzius</span> <span class='ocrx_word' id='word_1_315' title='bbox 531 1301 712 1334; x_wconf 86' lang='lat' dir='ltr'>Dindorfius</span> <span class='ocrx_word' id='word_1_316' title='bbox 743 1307 775 1331; x_wconf 90' lang='lat' dir='ltr'>et</span> <span class='ocrx_word' id='word_1_317' title='bbox 798 1308 869 1331; x_wconf 78' lang='lat' dir='ltr'>ante</span> <span class='ocrx_word' id='word_1_318' title='bbox 893 1312 946 1331; x_wconf 89' lang='lat' dir='ltr'>eos</span> <span class='ocrx_word' id='word_1_319' title='bbox 972 1299 1171 1330; x_wconf 85' lang='lat' dir='ltr'>Fritzschius</span> <span class='ocrx_word' id='word_1_320' title='bbox 1195 1303 1258 1328; x_wconf 86' lang='lat' dir='ltr'>tres</span> <span class='ocrx_word' id='word_1_321' title='bbox 1282 1297 1406 1327; x_wconf 85' lang='lat' dir='ltr'>codices</span> <span class='ocrx_word' id='word_1_322' title='bbox 1430 1298 1529 1328; x_wconf 87' lang='lat' dir='ltr'>secuti</span> <span class='ocrx_word' id='word_1_323' title='bbox 1552 1296 1667 1337; x_wconf 81' lang='lat' dir='ltr'>quibus</span> <span class='ocrx_word' id='word_1_324' title='bbox 1690 1296 1769 1327; x_wconf 87' lang='lat' dir='ltr'>fides</span> <span class='ocrx_word' id='word_1_325' title='bbox 1793 1296 1860 1328; x_wconf 88' lang='lat' dir='ltr'>cod.</span> <span class='ocrx_word' id='word_1_326' title='bbox 1885 1296 1986 1328; x_wconf 87' lang='lat' dir='ltr'>Paris.</span> <span class='ocrx_word' id='word_1_327' title='bbox 2012 1298 2104 1329; x_wconf 87' lang='lat'>1310.</span> 
     </span>
     <span class='ocr_line' id='line_1_25' title="bbox 310 1336 2101 1380; baseline -0.003 -4"><span class='ocrx_word' id='word_1_328' title='bbox 310 1346 343 1376; x_wconf 85' lang='lat' dir='ltr'>in</span> <span class='ocrx_word' id='word_1_329' title='bbox 370 1344 558 1376; x_wconf 88' lang='lat' dir='ltr'>Boissonadi</span> <span class='ocrx_word' id='word_1_330' title='bbox 583 1345 704 1376; x_wconf 88' lang='lat' dir='ltr'>Anecd.</span> <span class='ocrx_word' id='word_1_331' title='bbox 729 1342 784 1374; x_wconf 89' lang='lat' dir='ltr'>Gr.</span> <span class='ocrx_word' id='word_1_332' title='bbox 810 1343 851 1375; x_wconf 90' lang='lat' dir='ltr'>V.</span> <span class='ocrx_word' id='word_1_333' title='bbox 875 1345 926 1374; x_wconf 82' lang='lat'>22.</span> <span class='ocrx_word' id='word_1_334' title='bbox 958 1342 1078 1372; x_wconf 83' lang='lat' dir='ltr'>accedit</span> <span class='ocrx_word' id='word_1_335' title='bbox 1103 1340 1348 1370; x_wconf 84' lang='lat' dir='ltr'>interiectionem</span> <span class='ocrx_word' id='word_1_336' title='bbox 1373 1336 1398 1370; x_wconf 79' lang='grc' dir='ltr'><em>ὦ</em></span> <span class='ocrx_word' id='word_1_337' title='bbox 1422 1350 1502 1380; x_wconf 86' lang='lat' dir='ltr'>quae</span> <span class='ocrx_word' id='word_1_338' title='bbox 1524 1340 1619 1378; x_wconf 78' lang='lat' dir='ltr'>vulgo</span> <span class='ocrx_word' id='word_1_339' title='bbox 1642 1338 1764 1376; x_wconf 86' lang='lat' dir='ltr'>deerat,</span> <span class='ocrx_word' id='word_1_340' title='bbox 1799 1346 1882 1369; x_wconf 89' lang='lat' dir='ltr'>recte</span> <span class='ocrx_word' id='word_1_341' title='bbox 1913 1339 2101 1372; x_wconf 85' lang='lat' dir='ltr'>asciverunt.</span> 
     </span>
     <span class='ocr_line' id='line_1_26' title="bbox 313 1378 2101 1428; baseline -0.006 -10"><span class='ocrx_word' id='word_1_342' title='bbox 313 1387 455 1420; x_wconf 87' lang='lat' dir='ltr'>Sim1lem</span> <span class='ocrx_word' id='word_1_343' title='bbox 492 1398 620 1428; x_wconf 88' lang='lat' dir='ltr'>prorsus</span> <span class='ocrx_word' id='word_1_344' title='bbox 646 1386 811 1417; x_wconf 90' lang='lat' dir='ltr'>verborum</span> <span class='ocrx_word' id='word_1_345' title='bbox 842 1385 982 1416; x_wconf 78' lang='lat' dir='ltr'>ordinem</span> <span class='ocrx_word' id='word_1_346' title='bbox 1006 1383 1138 1414; x_wconf 86' lang='lat' dir='ltr'>habebis</span> <span class='ocrx_word' id='word_1_347' title='bbox 1161 1383 1192 1412; x_wconf 87' lang='lat' dir='ltr'>in</span> <span class='ocrx_word' id='word_1_348' title='bbox 1217 1381 1340 1412; x_wconf 90' lang='lat' dir='ltr'>Anach.</span> <span class='ocrx_word' id='word_1_349' title='bbox 1365 1383 1413 1414; x_wconf 86' lang='lat'>39.</span> <span class='ocrx_word' id='word_1_350' title='bbox 1438 1382 1463 1412; x_wconf 91' lang='lat' dir='ltr'>si</span> <span class='ocrx_word' id='word_1_351' title='bbox 1487 1391 1611 1412; x_wconf 84' lang='lat' dir='ltr'>mecum</span> <span class='ocrx_word' id='word_1_352' title='bbox 1635 1381 1829 1421; x_wconf 77' lang='lat' dir='ltr'>reposueris:</span> <span class='ocrx_word' id='word_1_353' title='bbox 1864 1381 1900 1413; x_wconf 69' lang='grc' dir='ltr'>τί</span> <span class='ocrx_word' id='word_1_354' title='bbox 1924 1378 1992 1413; x_wconf 67' lang='grc' dir='ltr'>οὖν</span> <span class='ocrx_word' id='word_1_355' title='bbox 2015 1380 2101 1422; x_wconf 46' lang='grc' dir='ltr'><strong><em>οῖ’,χὶ</em></strong></span> 
     </span>
     <span class='ocr_line' id='line_1_27' title="bbox 315 1421 2103 1469; baseline -0.004 -7"><span class='ocrx_word' id='word_1_356' title='bbox 315 1432 384 1462; x_wconf 82' lang='grc' dir='ltr'>καὶ</span> <span class='ocrx_word' id='word_1_357' title='bbox 409 1429 465 1468; x_wconf 73' lang='grc' dir='ltr'>σύ,</span> <span class='ocrx_word' id='word_1_358' title='bbox 490 1427 514 1461; x_wconf 75' lang='grc' dir='ltr'><em>ὦ</em></span> <span class='ocrx_word' id='word_1_359' title='bbox 539 1428 682 1464; x_wconf 74' lang='grc' dir='ltr'><em>Σόλων,</em></span> <span class='ocrx_word' id='word_1_360' title='bbox 713 1439 768 1469; x_wconf 89' lang='lat' dir='ltr'>pro</span> <span class='ocrx_word' id='word_1_361' title='bbox 793 1439 829 1458; x_wconf 85' lang='lat' dir='ltr'>eo</span> <span class='ocrx_word' id='word_1_362' title='bbox 852 1427 934 1468; x_wconf 86' lang='lat' dir='ltr'>quod</span> <span class='ocrx_word' id='word_1_363' title='bbox 959 1426 1111 1456; x_wconf 88' lang='lat' dir='ltr'>editiones</span> <span class='ocrx_word' id='word_1_364' title='bbox 1135 1424 1227 1455; x_wconf 86' lang='lat' dir='ltr'>hodie</span> <span class='ocrx_word' id='word_1_365' title='bbox 1251 1430 1397 1464; x_wconf 86' lang='lat' dir='ltr'>occupat:</span> <span class='ocrx_word' id='word_1_366' title='bbox 1422 1424 1454 1456; x_wconf 78' lang='grc' dir='ltr'>τί</span> <span class='ocrx_word' id='word_1_367' title='bbox 1477 1422 1534 1457; x_wconf 64' lang='grc' dir='ltr'>οἶν</span> <span class='ocrx_word' id='word_1_368' title='bbox 1557 1422 1593 1456; x_wconf 77' lang='grc' dir='ltr'>οὗ</span> <span class='ocrx_word' id='word_1_369' title='bbox 1617 1425 1670 1455; x_wconf 76' lang='grc' dir='ltr'>καὶ</span> <span class='ocrx_word' id='word_1_370' title='bbox 1694 1424 1745 1461; x_wconf 66' lang='grc' dir='ltr'><em>σι’ν,</em></span> <span class='ocrx_word' id='word_1_371' title='bbox 1770 1421 1795 1456; x_wconf 82' lang='grc' dir='ltr'><em>ὦ</em></span> <span class='ocrx_word' id='word_1_372' title='bbox 1818 1425 1939 1456; x_wconf 77' lang='grc' dir='ltr'>Σόλων.</span> <span class='ocrx_word' id='word_1_373' title='bbox 1986 1422 2050 1454; x_wconf 85' lang='lat' dir='ltr'>Sed</span> <span class='ocrx_word' id='word_1_374' title='bbox 2075 1425 2103 1455; x_wconf 93' lang='lat' dir='ltr'>si</span> 
     </span>
     <span class='ocr_line' id='line_1_28' title="bbox 313 1464 2104 1513; baseline -0.005 -9"><span class='ocrx_word' id='word_1_375' title='bbox 313 1473 407 1504; x_wconf 82' lang='lat' dir='ltr'>video</span> <span class='ocrx_word' id='word_1_376' title='bbox 423 1483 515 1513; x_wconf 86' lang='lat' dir='ltr'>quam</span> <span class='ocrx_word' id='word_1_377' title='bbox 530 1476 731 1512; x_wconf 88' lang='lat' dir='ltr'>praepostere</span> <span class='ocrx_word' id='word_1_378' title='bbox 745 1470 937 1501; x_wconf 88' lang='lat' dir='ltr'>Iacobitzius</span> <span class='ocrx_word' id='word_1_379' title='bbox 960 1469 1063 1499; x_wconf 90' lang='lat' dir='ltr'>locum</span> <span class='ocrx_word' id='word_1_380' title='bbox 1082 1467 1260 1498; x_wconf 85' lang='lat' dir='ltr'>tractaverit</span> <span class='ocrx_word' id='word_1_381' title='bbox 1287 1466 1339 1506; x_wconf 93' lang='lat' dir='ltr'>qui</span> <span class='ocrx_word' id='word_1_382' title='bbox 1363 1471 1411 1496; x_wconf 91' lang='lat' dir='ltr'>est</span> <span class='ocrx_word' id='word_1_383' title='bbox 1434 1467 1464 1497; x_wconf 93' lang='lat' dir='ltr'>in</span> <span class='ocrx_word' id='word_1_384' title='bbox 1488 1467 1568 1499; x_wconf 88' lang='lat' dir='ltr'>Dial.</span> <span class='ocrx_word' id='word_1_385' title='bbox 1592 1464 1775 1500; x_wconf 84' lang='lat' dir='ltr'>Marin.lV.</span> <span class='ocrx_word' id='word_1_386' title='bbox 1797 1469 1826 1499; x_wconf 89' lang='lat'>2.</span> <span class='ocrx_word' id='word_1_387' title='bbox 1849 1466 1981 1497; x_wconf 89' lang='lat' dir='ltr'>libenter</span> <span class='ocrx_word' id='word_1_388' title='bbox 2003 1469 2104 1498; x_wconf 81' lang='lat' dir='ltr'>fateor</span> 
     </span>
     <span class='ocr_line' id='line_1_29' title="bbox 312 1509 2101 1557; baseline -0.003 -11"><span class='ocrx_word' id='word_1_389' title='bbox 312 1526 438 1557; x_wconf 91' lang='lat' dir='ltr'>quoquo</span> <span class='ocrx_word' id='word_1_390' title='bbox 463 1514 555 1545; x_wconf 86' lang='lat' dir='ltr'>modo</span> <span class='ocrx_word' id='word_1_391' title='bbox 578 1525 642 1544; x_wconf 87' lang='lat' dir='ltr'>rem</span> <span class='ocrx_word' id='word_1_392' title='bbox 667 1524 790 1544; x_wconf 86' lang='lat' dir='ltr'>mecum</span> <span class='ocrx_word' id='word_1_393' title='bbox 813 1518 925 1553; x_wconf 88' lang='lat' dir='ltr'>reputo</span> <span class='ocrx_word' id='word_1_394' title='bbox 947 1510 1102 1552; x_wconf 86' lang='lat' dir='ltr'>expiscari</span> <span class='ocrx_word' id='word_1_395' title='bbox 1125 1521 1175 1540; x_wconf 90' lang='lat' dir='ltr'>me</span> <span class='ocrx_word' id='word_1_396' title='bbox 1198 1521 1259 1540; x_wconf 88' lang='lat' dir='ltr'>non</span> <span class='ocrx_word' id='word_1_397' title='bbox 1276 1519 1371 1550; x_wconf 88' lang='lat' dir='ltr'>posse</span> <span class='ocrx_word' id='word_1_398' title='bbox 1387 1520 1449 1550; x_wconf 87' lang='lat' dir='ltr'>qua</span> <span class='ocrx_word' id='word_1_399' title='bbox 1461 1521 1494 1541; x_wconf 88' lang='lat' dir='ltr'>re</span> <span class='ocrx_word' id='word_1_400' title='bbox 1505 1516 1610 1540; x_wconf 80' lang='lat' dir='ltr'>motus</span> <span class='ocrx_word' id='word_1_401' title='bbox 1624 1509 1784 1551; x_wconf 84' lang='lat' dir='ltr'>vulgatam</span> <span class='ocrx_word' id='word_1_402' title='bbox 1797 1509 1956 1540; x_wconf 89' lang='lat' dir='ltr'>mordicus</span> <span class='ocrx_word' id='word_1_403' title='bbox 1969 1509 2101 1540; x_wconf 90' lang='lat' dir='ltr'>tenuerit</span> 
     </span>
     <span class='ocr_line' id='line_1_30' title="bbox 315 1549 2103 1599; baseline -0.003 -11"><span class='ocrx_word' id='word_1_404' title='bbox 315 1557 518 1599; x_wconf 85' lang='lat' dir='ltr'>scripturam:</span> <span class='ocrx_word' id='word_1_405' title='bbox 544 1556 588 1588; x_wconf 66' lang='grc' dir='ltr'>σὺ</span> <span class='ocrx_word' id='word_1_406' title='bbox 613 1557 655 1588; x_wconf 77' lang='grc' dir='ltr'>δέ·</span> <span class='ocrx_word' id='word_1_407' title='bbox 677 1569 753 1596; x_wconf 83' lang='grc' dir='ltr'><em>μοι,</em></span> <span class='ocrx_word' id='word_1_408' title='bbox 776 1557 970 1591; x_wconf 71' lang='grc' dir='ltr'>Μενέλαε,</span> <span class='ocrx_word' id='word_1_409' title='bbox 997 1557 1102 1591; x_wconf 73' lang='grc' dir='ltr'><em>δοκεῖς</em></span> <span class='ocrx_word' id='word_1_410' title='bbox 1126 1551 1202 1585; x_wconf 74' lang='grc' dir='ltr'>οὐδὲ</span> <span class='ocrx_word' id='word_1_411' title='bbox 1227 1552 1397 1584; x_wconf 67' lang='grc' dir='ltr'>πολύπουν</span> <span class='ocrx_word' id='word_1_412' title='bbox 1411 1552 1588 1594; x_wconf 72' lang='grc' dir='ltr'><em>ἑωρακέναι</em></span> <span class='ocrx_word' id='word_1_413' title='bbox 1609 1549 1754 1584; x_wconf 67' lang='grc' dir='ltr'>πώποτε.</span> <span class='ocrx_word' id='word_1_414' title='bbox 1791 1552 1882 1582; x_wconf 90' lang='lat' dir='ltr'>Adeo</span> <span class='ocrx_word' id='word_1_415' title='bbox 1903 1563 1920 1581; x_wconf 88' lang='lat' dir='ltr'>a</span> <span class='ocrx_word' id='word_1_416' title='bbox 1940 1563 1972 1582; x_wconf 80' lang='lat' dir='ltr'>se</span> <span class='ocrx_word' id='word_1_417' title='bbox 1986 1551 2103 1582; x_wconf 80' lang='lat' dir='ltr'>defecit</span> 
     </span>
     <span class='ocr_line' id='line_1_31' title="bbox 311 1593 2103 1640; baseline -0.003 -9"><span class='ocrx_word' id='word_1_418' title='bbox 311 1605 346 1631; x_wconf 89' lang='lat' dir='ltr'>ut</span> <span class='ocrx_word' id='word_1_419' title='bbox 375 1600 550 1630; x_wconf 86' lang='lat' dir='ltr'>auctoritati</span> <span class='ocrx_word' id='word_1_420' title='bbox 574 1605 722 1640; x_wconf 80' lang='lat' dir='ltr'>quattuor</span> <span class='ocrx_word' id='word_1_421' title='bbox 744 1598 886 1628; x_wconf 87' lang='lat' dir='ltr'>codicum</span> <span class='ocrx_word' id='word_1_422' title='bbox 911 1597 941 1628; x_wconf 87' lang='lat' dir='ltr'>in</span> <span class='ocrx_word' id='word_1_423' title='bbox 965 1596 1004 1628; x_wconf 83' lang='lat' dir='ltr'>iis</span> <span class='ocrx_word' id='word_1_424' title='bbox 1028 1596 1145 1627; x_wconf 87' lang='lat' dir='ltr'>codicis</span> <span class='ocrx_word' id='word_1_425' title='bbox 1170 1593 1258 1626; x_wconf 88' lang='lat' dir='ltr'>Gorl.</span> <span class='ocrx_word' id='word_1_426' title='bbox 1282 1595 1397 1635; x_wconf 89' lang='lat' dir='ltr'>quibus</span> <span class='ocrx_word' id='word_1_427' title='bbox 1420 1595 1512 1626; x_wconf 89' lang='lat' dir='ltr'>bodie</span> <span class='ocrx_word' id='word_1_428' title='bbox 1535 1595 1736 1626; x_wconf 78' lang='lat' dir='ltr'>Boissonadii</span> <span class='ocrx_word' id='word_1_429' title='bbox 1761 1595 1858 1626; x_wconf 87' lang='lat' dir='ltr'>codex</span> <span class='ocrx_word' id='word_1_430' title='bbox 1876 1596 1964 1627; x_wconf 82' lang='lat'>1310.</span> <span class='ocrx_word' id='word_1_431' title='bbox 1982 1594 2103 1625; x_wconf 85' lang='lat' dir='ltr'>accedit</span> 
     </span>
     <span class='ocr_line' id='line_1_32' title="bbox 315 1635 1858 1683; baseline -0.002 -10"><span class='ocrx_word' id='word_1_432' title='bbox 315 1642 435 1674; x_wconf 87' lang='lat' dir='ltr'>aditum</span> <span class='ocrx_word' id='word_1_433' title='bbox 460 1642 585 1673; x_wconf 87' lang='lat' dir='ltr'>omnino</span> <span class='ocrx_word' id='word_1_434' title='bbox 608 1641 834 1683; x_wconf 84' lang='lat' dir='ltr'>praecluderet.</span> <span class='ocrx_word' id='word_1_435' title='bbox 880 1639 996 1671; x_wconf 89' lang='lat' dir='ltr'>Merito</span> <span class='ocrx_word' id='word_1_436' title='bbox 1019 1638 1106 1669; x_wconf 88' lang='lat' dir='ltr'>dedit</span> <span class='ocrx_word' id='word_1_437' title='bbox 1129 1637 1326 1670; x_wconf 84' lang='lat' dir='ltr'>Dindorfius:</span> <span class='ocrx_word' id='word_1_438' title='bbox 1351 1638 1395 1669; x_wconf 76' lang='grc' dir='ltr'>σὺ</span> <span class='ocrx_word' id='word_1_439' title='bbox 1420 1639 1461 1671; x_wconf 76' lang='grc' dir='ltr'>δέ</span> <span class='ocrx_word' id='word_1_440' title='bbox 1483 1652 1566 1679; x_wconf 81' lang='grc' dir='ltr'><em>μοι,</em></span> <span class='ocrx_word' id='word_1_441' title='bbox 1591 1635 1616 1670; x_wconf 77' lang='grc' dir='ltr'><strong><em>ὦ</em></strong></span> <span class='ocrx_word' id='word_1_442' title='bbox 1641 1639 1792 1671; x_wconf 75' lang='grc' dir='ltr'><strong><em>Μενέλαε</em></strong></span> <span class='ocrx_word' id='word_1_443' title='bbox 1809 1639 1858 1676; x_wconf 80' lang='lat'><strong>¹⁵)-</strong></span> 
     </span>
    </p>

    <p class='ocr_par' dir='ltr' id='par_1_5' title="bbox 313 1679 2106 2110">
     <span class='ocr_line' id='line_1_33' title="bbox 432 1679 2102 1723; baseline -0.003 -7"><span class='ocrx_word' id='word_1_444' title='bbox 432 1684 511 1716; x_wconf 81' lang='lat' dir='ltr'>Dial.</span> <span class='ocrx_word' id='word_1_445' title='bbox 535 1685 625 1716; x_wconf 82' lang='lat' dir='ltr'>Deor.</span> <span class='ocrx_word' id='word_1_446' title='bbox 650 1683 732 1715; x_wconf 91' lang='lat' dir='ltr'>XX.</span> <span class='ocrx_word' id='word_1_447' title='bbox 760 1685 808 1716; x_wconf 85' lang='lat'>11.</span> <span class='ocrx_word' id='word_1_448' title='bbox 838 1684 876 1715; x_wconf 74' lang='grc' dir='ltr'>σὺ</span> <span class='ocrx_word' id='word_1_449' title='bbox 902 1684 948 1719; x_wconf 78' lang='grc' dir='ltr'>δέ,</span> <span class='ocrx_word' id='word_1_450' title='bbox 973 1680 998 1714; x_wconf 77' lang='grc' dir='ltr'><strong><em>ὦ</em></strong></span> <span class='ocrx_word' id='word_1_451' title='bbox 1014 1682 1112 1723; x_wconf 62' lang='lat' dir='ltr'>‘Hom</span> <span class='ocrx_word' id='word_1_452' title='bbox 1137 1684 1297 1722; x_wconf 80' lang='grc' dir='ltr'><em>περίμενε.</em></span> <span class='ocrx_word' id='word_1_453' title='bbox 1315 1680 1413 1722; x_wconf 64' lang='grc' dir='ltr'>’Ἡρα1</span> <span class='ocrx_word' id='word_1_454' title='bbox 1438 1682 1612 1723; x_wconf 80' lang='grc' dir='ltr'>περιμένω.</span> <span class='ocrx_word' id='word_1_455' title='bbox 1660 1681 1751 1711; x_wconf 90' lang='lat' dir='ltr'>Haec</span> <span class='ocrx_word' id='word_1_456' title='bbox 1774 1684 1820 1712; x_wconf 78' lang='lat' dir='ltr'>est</span> <span class='ocrx_word' id='word_1_457' title='bbox 1844 1679 1973 1721; x_wconf 87' lang='lat' dir='ltr'>vulgata</span> <span class='ocrx_word' id='word_1_458' title='bbox 1994 1680 2102 1711; x_wconf 86' lang='lat' dir='ltr'>lectio:</span> 
     </span>
     <span class='ocr_line' id='line_1_34' title="bbox 315 1722 2104 1770; baseline -0.004 -9"><span class='ocrx_word' id='word_1_459' title='bbox 315 1730 480 1770; x_wconf 75' lang='grc' dir='ltr'>περιμενῶ</span> <span class='ocrx_word' id='word_1_460' title='bbox 504 1727 653 1758; x_wconf 84' lang='lat' dir='ltr'>exhibent</span> <span class='ocrx_word' id='word_1_461' title='bbox 676 1727 738 1757; x_wconf 89' lang='lat' dir='ltr'>duo</span> <span class='ocrx_word' id='word_1_462' title='bbox 762 1726 886 1757; x_wconf 89' lang='lat' dir='ltr'>codices</span> <span class='ocrx_word' id='word_1_463' title='bbox 911 1725 1048 1757; x_wconf 89' lang='lat' dir='ltr'>Vindob.</span> <span class='ocrx_word' id='word_1_464' title='bbox 1075 1726 1144 1756; x_wconf 87' lang='lat'>123.</span> <span class='ocrx_word' id='word_1_465' title='bbox 1169 1730 1200 1755; x_wconf 86' lang='lat' dir='ltr'>et</span> <span class='ocrx_word' id='word_1_466' title='bbox 1223 1722 1422 1754; x_wconf 79' lang='lat' dir='ltr'>Graevianus</span> <span class='ocrx_word' id='word_1_467' title='bbox 1447 1731 1478 1755; x_wconf 90' lang='lat' dir='ltr'>et</span> <span class='ocrx_word' id='word_1_468' title='bbox 1500 1735 1610 1765; x_wconf 85' lang='lat' dir='ltr'>margo</span> <span class='ocrx_word' id='word_1_469' title='bbox 1635 1724 1740 1756; x_wconf 91' lang='lat' dir='ltr'>Aldin.</span> <span class='ocrx_word' id='word_1_470' title='bbox 1764 1734 1809 1764; x_wconf 87' lang='lat' dir='ltr'>pr.</span> <span class='ocrx_word' id='word_1_471' title='bbox 1835 1722 1961 1753; x_wconf 87' lang='lat' dir='ltr'>Wessel</span> <span class='ocrx_word' id='word_1_472' title='bbox 1984 1748 1990 1754; x_wconf 84' lang='grc'><strong>.</strong></span> <span class='ocrx_word' id='word_1_473' title='bbox 2011 1748 2017 1755; x_wconf 90' lang='grc'><strong>.</strong></span> <span class='ocrx_word' id='word_1_474' title='bbox 2043 1722 2104 1753; x_wconf 90' lang='lat' dir='ltr'>Di-</span> 
     </span>
     <span class='ocr_line' id='line_1_35' title="bbox 315 1764 2104 1810; baseline -0.004 -8"><span class='ocrx_word' id='word_1_475' title='bbox 315 1781 406 1802; x_wconf 83' lang='lat' dir='ltr'>versa</span> <span class='ocrx_word' id='word_1_476' title='bbox 420 1770 517 1801; x_wconf 88' lang='lat' dir='ltr'>secuti</span> <span class='ocrx_word' id='word_1_477' title='bbox 532 1775 603 1801; x_wconf 88' lang='lat' dir='ltr'>sunt</span> <span class='ocrx_word' id='word_1_478' title='bbox 617 1769 752 1800; x_wconf 87' lang='lat' dir='ltr'>editores</span> <span class='ocrx_word' id='word_1_479' title='bbox 770 1768 879 1810; x_wconf 85' lang='lat' dir='ltr'>nuperi</span> <span class='ocrx_word' id='word_1_480' title='bbox 903 1779 958 1809; x_wconf 90' lang='lat' dir='ltr'>pro</span> <span class='ocrx_word' id='word_1_481' title='bbox 982 1778 1039 1799; x_wconf 87' lang='lat' dir='ltr'>suo</span> <span class='ocrx_word' id='word_1_482' title='bbox 1063 1767 1197 1807; x_wconf 88' lang='lat' dir='ltr'>quisque</span> <span class='ocrx_word' id='word_1_483' title='bbox 1221 1765 1349 1797; x_wconf 87' lang='lat' dir='ltr'>arbitrio</span> <span class='ocrx_word' id='word_1_484' title='bbox 1371 1766 1424 1797; x_wconf 89' lang='lat' dir='ltr'>alii</span> <span class='ocrx_word' id='word_1_485' title='bbox 1447 1766 1506 1798; x_wconf 90' lang='lat' dir='ltr'>hoc</span> <span class='ocrx_word' id='word_1_486' title='bbox 1529 1767 1581 1797; x_wconf 87' lang='lat' dir='ltr'>alii</span> <span class='ocrx_word' id='word_1_487' title='bbox 1603 1767 1679 1799; x_wconf 87' lang='lat' dir='ltr'>illud</span> <span class='ocrx_word' id='word_1_488' title='bbox 1703 1768 1924 1807; x_wconf 83' lang='lat' dir='ltr'>praeferentes.</span> <span class='ocrx_word' id='word_1_489' title='bbox 1969 1765 2013 1796; x_wconf 88' lang='lat' dir='ltr'>Et</span> <span class='ocrx_word' id='word_1_490' title='bbox 2035 1764 2104 1796; x_wconf 89' lang='lat' dir='ltr'>vul-</span> 
     </span>
     <span class='ocr_line' id='line_1_36' title="bbox 313 1807 2105 1855; baseline -0.003 -12"><span class='ocrx_word' id='word_1_491' title='bbox 313 1818 420 1855; x_wconf 87' lang='lat' dir='ltr'>gatam</span> <span class='ocrx_word' id='word_1_492' title='bbox 445 1812 572 1852; x_wconf 88' lang='lat' dir='ltr'>quidem</span> <span class='ocrx_word' id='word_1_493' title='bbox 597 1817 738 1843; x_wconf 88' lang='lat' dir='ltr'>tutantur</span> <span class='ocrx_word' id='word_1_494' title='bbox 761 1811 874 1853; x_wconf 91' lang='lat' dir='ltr'>Poppo</span> <span class='ocrx_word' id='word_1_495' title='bbox 898 1817 928 1842; x_wconf 90' lang='lat' dir='ltr'>et</span> <span class='ocrx_word' id='word_1_496' title='bbox 952 1810 1163 1847; x_wconf 85' lang='lat' dir='ltr'>Fritzschius,</span> <span class='ocrx_word' id='word_1_497' title='bbox 1188 1809 1241 1850; x_wconf 90' lang='lat' dir='ltr'>qui</span> <span class='ocrx_word' id='word_1_498' title='bbox 1265 1820 1354 1839; x_wconf 88' lang='lat' dir='ltr'>suam</span> <span class='ocrx_word' id='word_1_499' title='bbox 1378 1810 1417 1840; x_wconf 91' lang='lat' dir='ltr'>de</span> <span class='ocrx_word' id='word_1_500' title='bbox 1441 1809 1499 1840; x_wconf 90' lang='lat' dir='ltr'>hoc</span> <span class='ocrx_word' id='word_1_501' title='bbox 1522 1810 1590 1840; x_wconf 89' lang='lat' dir='ltr'>loco</span> <span class='ocrx_word' id='word_1_502' title='bbox 1614 1809 1800 1842; x_wconf 86' lang='lat' dir='ltr'>sententiam</span> <span class='ocrx_word' id='word_1_503' title='bbox 1824 1819 1884 1838; x_wconf 90' lang='lat' dir='ltr'>non</span> <span class='ocrx_word' id='word_1_504' title='bbox 1909 1809 2041 1839; x_wconf 90' lang='lat' dir='ltr'>mutavit</span> <span class='ocrx_word' id='word_1_505' title='bbox 2064 1807 2105 1838; x_wconf 82' lang='lat' dir='ltr'>ad</span> 
     </span>
     <span class='ocr_line' id='line_1_37' title="bbox 315 1850 2105 1893; baseline -0.003 -7"><span class='ocrx_word' id='word_1_506' title='bbox 315 1855 413 1886; x_wconf 83' lang='lat' dir='ltr'>Arist.</span> <span class='ocrx_word' id='word_1_507' title='bbox 438 1855 566 1886; x_wconf 87' lang='lat' dir='ltr'>Thesm.</span> <span class='ocrx_word' id='word_1_508' title='bbox 593 1866 621 1886; x_wconf 90' lang='lat' dir='ltr'>v.</span> <span class='ocrx_word' id='word_1_509' title='bbox 646 1856 716 1886; x_wconf 84' lang='lat'>612.</span> <span class='ocrx_word' id='word_1_510' title='bbox 741 1854 794 1885; x_wconf 92' lang='lat' dir='ltr'>ubi</span> <span class='ocrx_word' id='word_1_511' title='bbox 819 1854 902 1885; x_wconf 87' lang='lat' dir='ltr'>color</span> <span class='ocrx_word' id='word_1_512' title='bbox 925 1853 1070 1885; x_wconf 84' lang='lat' dir='ltr'>dictionis</span> <span class='ocrx_word' id='word_1_513' title='bbox 1093 1858 1202 1883; x_wconf 89' lang='lat' dir='ltr'>nostro</span> <span class='ocrx_word' id='word_1_514' title='bbox 1225 1852 1293 1882; x_wconf 92' lang='lat' dir='ltr'>loco</span> <span class='ocrx_word' id='word_1_515' title='bbox 1316 1851 1400 1883; x_wconf 81' lang='lat' dir='ltr'>haud</span> <span class='ocrx_word' id='word_1_516' title='bbox 1424 1852 1586 1884; x_wconf 83' lang='lat' dir='ltr'>dissimilis</span> <span class='ocrx_word' id='word_1_517' title='bbox 1610 1859 1666 1884; x_wconf 86' lang='lat' dir='ltr'>est.</span> <span class='ocrx_word' id='word_1_518' title='bbox 1711 1851 1878 1893; x_wconf 84' lang='lat' dir='ltr'>Leguntur</span> <span class='ocrx_word' id='word_1_519' title='bbox 1906 1851 1987 1881; x_wconf 91' lang='lat' dir='ltr'>enim</span> <span class='ocrx_word' id='word_1_520' title='bbox 2012 1850 2105 1881; x_wconf 84' lang='lat' dir='ltr'>hodie</span> 
     </span>
     <span class='ocr_line' id='line_1_38' title="bbox 314 1892 2105 1938; baseline -0.003 -9"><span class='ocrx_word' id='word_1_521' title='bbox 314 1898 409 1929; x_wconf 84' lang='lat' dir='ltr'>haec:</span> <span class='ocrx_word' id='word_1_522' title='bbox 443 1896 509 1938; x_wconf 78' lang='grc' dir='ltr'><em>μέν’</em></span> <span class='ocrx_word' id='word_1_523' title='bbox 536 1896 649 1929; x_wconf 75' lang='grc' dir='ltr'><strong><em>αὐτοῦ·</em></strong></span> <span class='ocrx_word' id='word_1_524' title='bbox 683 1898 715 1929; x_wconf 84' lang='grc' dir='ltr'>τί</span> <span class='ocrx_word' id='word_1_525' title='bbox 737 1897 773 1929; x_wconf 80' lang='grc' dir='ltr'>τὸ</span> <span class='ocrx_word' id='word_1_526' title='bbox 798 1897 912 1933; x_wconf 53' lang='lat' dir='ltr'>namin</span> <span class='ocrx_word' id='word_1_527' title='bbox 1011 1897 1050 1929; x_wconf 76' lang='lat' dir='ltr'>ai·</span> <span class='ocrx_word' id='word_1_528' title='bbox 1075 1895 1099 1928; x_wconf 72' lang='grc' dir='ltr'><em>ὅ</em></span> <span class='ocrx_word' id='word_1_529' title='bbox 1127 1892 1183 1927; x_wconf 62' lang='grc' dir='ltr'>οὖν</span> <span class='ocrx_word' id='word_1_530' title='bbox 1207 1896 1298 1927; x_wconf 81' lang='grc' dir='ltr'><em>ποίει</em></span> <span class='ocrx_word' id='word_1_531' title='bbox 1321 1894 1417 1927; x_wconf 58' lang='grc' dir='ltr'><strong>τοῦτ).</strong></span> <span class='ocrx_word' id='word_1_532' title='bbox 1453 1894 1602 1936; x_wconf 64' lang='grc' dir='ltr'>ἀναμένω</span> <span class='ocrx_word' id='word_1_533' title='bbox 1632 1896 1692 1938; x_wconf 74' lang='grc' dir='ltr'>γὰρ</span> <span class='ocrx_word' id='word_1_534' title='bbox 1716 1894 1844 1928; x_wconf 76' lang='grc' dir='ltr'>ἐνθάδε.</span> <span class='ocrx_word' id='word_1_535' title='bbox 1890 1892 2105 1935; x_wconf 87' lang='lat' dir='ltr'>Reprehendit</span> 
     </span>
     <span class='ocr_line' id='line_1_39' title="bbox 315 1935 2106 1982; baseline -0.003 -11"><span class='ocrx_word' id='word_1_536' title='bbox 315 1941 364 1971; x_wconf 85' lang='lat' dir='ltr'>vir</span> <span class='ocrx_word' id='word_1_537' title='bbox 385 1940 533 1982; x_wconf 84' lang='lat' dir='ltr'>egregius</span> <span class='ocrx_word' id='word_1_538' title='bbox 557 1940 640 1981; x_wconf 88' lang='lat' dir='ltr'>quod</span> <span class='ocrx_word' id='word_1_539' title='bbox 665 1940 761 1971; x_wconf 80' lang='lat' dir='ltr'>estin</span> <span class='ocrx_word' id='word_1_540' title='bbox 787 1951 883 1980; x_wconf 83' lang='lat' dir='ltr'>marg.</span> <span class='ocrx_word' id='word_1_541' title='bbox 909 1939 982 1971; x_wconf 83' lang='lat' dir='ltr'>Ald.</span> <span class='ocrx_word' id='word_1_542' title='bbox 1006 1951 1052 1981; x_wconf 89' lang='lat' dir='ltr'>pr.</span> <span class='ocrx_word' id='word_1_543' title='bbox 1077 1937 1192 1968; x_wconf 82' lang='lat' dir='ltr'>Wech.</span> <span class='ocrx_word' id='word_1_544' title='bbox 1217 1938 1246 1975; x_wconf 57' lang='grc' dir='ltr'>(ἰ)</span> <span class='ocrx_word' id='word_1_545' title='bbox 1269 1937 1355 1979; x_wconf 82' lang='lat' dir='ltr'>lege:</span> <span class='ocrx_word' id='word_1_546' title='bbox 1382 1937 1532 1978; x_wconf 88' lang='lat' dir='ltr'>Wessel.)</span> <span class='ocrx_word' id='word_1_547' title='bbox 1557 1940 1730 1980; x_wconf 74' lang='grc' dir='ltr'><em>περιμενῶ.</em></span> <span class='ocrx_word' id='word_1_548' title='bbox 1776 1937 1812 1969; x_wconf 93' lang='lat' dir='ltr'>Id</span> <span class='ocrx_word' id='word_1_549' title='bbox 1837 1936 1862 1967; x_wconf 84' lang='lat' dir='ltr'>si</span> <span class='ocrx_word' id='word_1_550' title='bbox 1886 1935 1971 1967; x_wconf 86' lang='lat' dir='ltr'>solus</span> <span class='ocrx_word' id='word_1_551' title='bbox 1995 1946 2106 1977; x_wconf 86' lang='lat' dir='ltr'>margo</span> 
     </span>
     <span class='ocr_line' id='line_1_40' title="bbox 316 1977 2106 2024; baseline -0.002 -10"><span class='ocrx_word' id='word_1_552' title='bbox 316 1983 452 2014; x_wconf 89' lang='lat' dir='ltr'>Aldinae</span> <span class='ocrx_word' id='word_1_553' title='bbox 487 1983 717 2024; x_wconf 86' lang='lat' dir='ltr'>suppeditaret,</span> <span class='ocrx_word' id='word_1_554' title='bbox 753 1982 917 2024; x_wconf 88' lang='lat' dir='ltr'>probarem</span> <span class='ocrx_word' id='word_1_555' title='bbox 952 1982 1007 2013; x_wconf 90' lang='lat' dir='ltr'>sed</span> <span class='ocrx_word' id='word_1_556' title='bbox 1041 1982 1182 2012; x_wconf 90' lang='lat' dir='ltr'>futurum</span> <span class='ocrx_word' id='word_1_557' title='bbox 1213 1987 1337 2022; x_wconf 86' lang='lat' dir='ltr'>tempus</span> <span class='ocrx_word' id='word_1_558' title='bbox 1366 1986 1584 2022; x_wconf 81' lang='lat' dir='ltr'>praeterquam</span> <span class='ocrx_word' id='word_1_559' title='bbox 1609 1980 1692 2022; x_wconf 91' lang='lat' dir='ltr'>quod</span> <span class='ocrx_word' id='word_1_560' title='bbox 1716 1980 1933 2011; x_wconf 83' lang='lat' dir='ltr'>auctoritatem</span> <span class='ocrx_word' id='word_1_561' title='bbox 1957 1989 1975 2009; x_wconf 87' lang='lat' dir='ltr'>a</span> <span class='ocrx_word' id='word_1_562' title='bbox 1999 1977 2106 2010; x_wconf 81' lang='lat' dir='ltr'>codice</span> 
     </span>
     <span class='ocr_line' id='line_1_41' title="bbox 315 2020 2106 2065; baseline -0.003 -8"><span class='ocrx_word' id='word_1_563' title='bbox 315 2026 415 2057; x_wconf 89' lang='lat' dir='ltr'>bonae</span> <span class='ocrx_word' id='word_1_564' title='bbox 439 2025 512 2056; x_wconf 83' lang='lat' dir='ltr'>fidei</span> <span class='ocrx_word' id='word_1_565' title='bbox 538 2025 631 2056; x_wconf 88' lang='lat' dir='ltr'>habet</span> <span class='ocrx_word' id='word_1_566' title='bbox 654 2025 747 2056; x_wconf 81' lang='lat' dir='ltr'>etiam</span> <span class='ocrx_word' id='word_1_567' title='bbox 773 2025 945 2055; x_wconf 87' lang='lat' dir='ltr'>sententiae</span> <span class='ocrx_word' id='word_1_568' title='bbox 969 2024 1203 2057; x_wconf 85' lang='lat' dir='ltr'>convenientius</span> <span class='ocrx_word' id='word_1_569' title='bbox 1227 2030 1284 2056; x_wconf 85' lang='lat' dir='ltr'>est.</span> <span class='ocrx_word' id='word_1_570' title='bbox 1331 2022 1440 2062; x_wconf 84' lang='lat' dir='ltr'>Quare</span> <span class='ocrx_word' id='word_1_571' title='bbox 1463 2024 1702 2065; x_wconf 84' lang='lat' dir='ltr'>praeferendum</span> <span class='ocrx_word' id='word_1_572' title='bbox 1720 2023 1801 2054; x_wconf 90' lang='lat' dir='ltr'>duco</span> <span class='ocrx_word' id='word_1_573' title='bbox 1815 2021 1898 2062; x_wconf 92' lang='lat' dir='ltr'>quod</span> <span class='ocrx_word' id='word_1_574' title='bbox 1914 2020 2106 2053; x_wconf 83' lang='lat' dir='ltr'>Iacobitzius</span> 
     </span>
     <span class='ocr_line' id='line_1_42' title="bbox 316 2068 1104 2110; baseline -0.003 -10"><span class='ocrx_word' id='word_1_575' title='bbox 316 2076 346 2100; x_wconf 84' lang='lat' dir='ltr'>et</span> <span class='ocrx_word' id='word_1_576' title='bbox 371 2068 551 2101; x_wconf 87' lang='lat' dir='ltr'>Dindorfius</span> <span class='ocrx_word' id='word_1_577' title='bbox 575 2069 677 2110; x_wconf 85' lang='lat' dir='ltr'>palam</span> <span class='ocrx_word' id='word_1_578' title='bbox 702 2070 862 2099; x_wconf 84' lang='lat' dir='ltr'>fecerunt:</span> <span class='ocrx_word' id='word_1_579' title='bbox 887 2070 1104 2109; x_wconf 79' lang='grc' dir='ltr'><strong>περιμενῶ.</strong></span> 
     </span>
    </p>

    <p class='ocr_par' dir='ltr' id='par_1_6' title="bbox 316 2105 2107 2241">
     <span class='ocr_line' id='line_1_43' title="bbox 433 2105 2106 2152; baseline -0.003 -9"><span class='ocrx_word' id='word_1_580' title='bbox 433 2111 514 2143; x_wconf 82' lang='lat' dir='ltr'>Dial.</span> <span class='ocrx_word' id='word_1_581' title='bbox 538 2112 631 2143; x_wconf 88' lang='lat' dir='ltr'>Deor.</span> <span class='ocrx_word' id='word_1_582' title='bbox 655 2110 737 2142; x_wconf 92' lang='lat' dir='ltr'>XX.</span> <span class='ocrx_word' id='word_1_583' title='bbox 763 2112 810 2143; x_wconf 85' lang='lat'>12.</span> <span class='ocrx_word' id='word_1_584' title='bbox 852 2112 891 2143; x_wconf 79' lang='grc' dir='ltr'>σὺ</span> <span class='ocrx_word' id='word_1_585' title='bbox 916 2113 951 2143; x_wconf 76' lang='grc' dir='ltr'>δὲ</span> <span class='ocrx_word' id='word_1_586' title='bbox 976 2109 1113 2152; x_wconf 56' lang='lat' dir='ltr'>noris-132</span> <span class='ocrx_word' id='word_1_587' title='bbox 1138 2107 1155 2151; x_wconf 75' lang='grc' dir='ltr'>ἡ</span> <span class='ocrx_word' id='word_1_588' title='bbox 1178 2108 1310 2152; x_wconf 70' lang='grc' dir='ltr'>Ἀθηνᾶ.</span> <span class='ocrx_word' id='word_1_589' title='bbox 1356 2109 1483 2141; x_wconf 90' lang='lat' dir='ltr'>Dictum</span> <span class='ocrx_word' id='word_1_590' title='bbox 1507 2116 1553 2139; x_wconf 88' lang='lat' dir='ltr'>est</span> <span class='ocrx_word' id='word_1_591' title='bbox 1577 2108 1737 2150; x_wconf 88' lang='lat' dir='ltr'>quomodo</span> <span class='ocrx_word' id='word_1_592' title='bbox 1761 2107 1839 2140; x_wconf 84' lang='lat' dir='ltr'>Dial.</span> <span class='ocrx_word' id='word_1_593' title='bbox 1864 2105 1960 2138; x_wconf 91' lang='lat' dir='ltr'>Mort.</span> <span class='ocrx_word' id='word_1_594' title='bbox 1983 2105 2052 2136; x_wconf 81' lang='grc' dir='ltr'>ΧΠ.</span> <span class='ocrx_word' id='word_1_595' title='bbox 2079 2107 2106 2138; x_wconf 89' lang='grc'>1.</span> 
     </span>
     <span class='ocr_line' id='line_1_44' title="bbox 318 2147 2107 2196; baseline -0.004 -9"><span class='ocrx_word' id='word_1_596' title='bbox 318 2156 357 2187; x_wconf 78' lang='grc' dir='ltr'>σὺ</span> <span class='ocrx_word' id='word_1_597' title='bbox 380 2155 415 2187; x_wconf 79' lang='grc' dir='ltr'>δὲ</span> <span class='ocrx_word' id='word_1_598' title='bbox 439 2157 571 2196; x_wconf 79' lang='grc' dir='ltr'><em>πρῶτος</em></span> <span class='ocrx_word' id='word_1_599' title='bbox 594 2153 610 2185; x_wconf 71' lang='grc' dir='ltr'>ὁ</span> <span class='ocrx_word' id='word_1_600' title='bbox 638 2154 748 2192; x_wconf 74' lang='grc' dir='ltr'><em>Λίβυς</em></span> <span class='ocrx_word' id='word_1_601' title='bbox 772 2154 852 2195; x_wconf 80' lang='grc' dir='ltr'><strong>λέγε.</strong></span> <span class='ocrx_word' id='word_1_602' title='bbox 896 2152 1029 2184; x_wconf 80' lang='lat' dir='ltr'>Icarom.</span> <span class='ocrx_word' id='word_1_603' title='bbox 1053 2152 1102 2184; x_wconf 88' lang='grc'>26.</span> <span class='ocrx_word' id='word_1_604' title='bbox 1137 2152 1175 2184; x_wconf 73' lang='grc' dir='ltr'>σύ</span> <span class='ocrx_word' id='word_1_605' title='bbox 1200 2152 1235 2185; x_wconf 74' lang='grc' dir='ltr'>δὲ</span> <span class='ocrx_word' id='word_1_606' title='bbox 1259 2150 1275 2183; x_wconf 75' lang='grc' dir='ltr'><em>ὅ</em></span> <span class='ocrx_word' id='word_1_607' title='bbox 1301 2153 1425 2193; x_wconf 80' lang='grc' dir='ltr'><strong><em>Βορέας</em></strong></span> <span class='ocrx_word' id='word_1_608' title='bbox 1453 2155 1594 2184; x_wconf 76' lang='grc' dir='ltr'><em>πνεῦσον</em></span> <span class='ocrx_word' id='word_1_609' title='bbox 1616 2152 1649 2185; x_wconf 81' lang='grc' dir='ltr'>ἐν</span> <span class='ocrx_word' id='word_1_610' title='bbox 1672 2152 1798 2194; x_wconf 76' lang='grc' dir='ltr'><em>Λυδίᾳ,</em></span> <span class='ocrx_word' id='word_1_611' title='bbox 1833 2150 1871 2181; x_wconf 78' lang='grc' dir='ltr'>σὺ</span> <span class='ocrx_word' id='word_1_612' title='bbox 1897 2150 1932 2183; x_wconf 77' lang='grc' dir='ltr'>δὲ</span> <span class='ocrx_word' id='word_1_613' title='bbox 1955 2147 1972 2181; x_wconf 79' lang='grc' dir='ltr'><em>ὃ</em></span> <span class='ocrx_word' id='word_1_614' title='bbox 1996 2148 2107 2187; x_wconf 82' lang='grc' dir='ltr'><strong><em>Νότος</em></strong></span> 
     </span>
     <span class='ocr_line' id='line_1_45' title="bbox 316 2189 2105 2241; baseline -0.003 -12"><span class='ocrx_word' id='word_1_615' title='bbox 316 2195 449 2241; x_wconf 74' lang='grc' dir='ltr'>ἡσυχίαν</span> <span class='ocrx_word' id='word_1_616' title='bbox 483 2194 540 2240; x_wconf 70' lang='grc' dir='ltr'>ἆγε</span> <span class='ocrx_word' id='word_1_617' title='bbox 575 2197 630 2228; x_wconf 89' lang='lat' dir='ltr'>sed</span> <span class='ocrx_word' id='word_1_618' title='bbox 665 2196 729 2227; x_wconf 85' lang='lat' dir='ltr'>Vit.</span> <span class='ocrx_word' id='word_1_619' title='bbox 756 2197 847 2228; x_wconf 88' lang='lat' dir='ltr'>Auct.</span> <span class='ocrx_word' id='word_1_620' title='bbox 872 2197 922 2228; x_wconf 79' lang='lat'>27.</span> <span class='ocrx_word' id='word_1_621' title='bbox 960 2195 1152 2226; x_wconf 82' lang='lat' dir='ltr'>confidenter</span> <span class='ocrx_word' id='word_1_622' title='bbox 1185 2195 1322 2236; x_wconf 86' lang='lat' dir='ltr'>corrigo=</span> <span class='ocrx_word' id='word_1_623' title='bbox 1356 2195 1401 2227; x_wconf 76' lang='grc' dir='ltr'>σὺ</span> <span class='ocrx_word' id='word_1_624' title='bbox 1425 2197 1466 2228; x_wconf 76' lang='grc' dir='ltr'>δὲ</span> <span class='ocrx_word' id='word_1_625' title='bbox 1489 2193 1506 2227; x_wconf 85' lang='grc' dir='ltr'>ὁ</span> <span class='ocrx_word' id='word_1_626' title='bbox 1530 2195 1714 2237; x_wconf 76' lang='grc' dir='ltr'><strong><em>Πυρρίας</em></strong></span> <span class='ocrx_word' id='word_1_627' title='bbox 1737 2192 1911 2236; x_wconf 72' lang='grc' dir='ltr'><em>πρόςιθι</em></span> <span class='ocrx_word' id='word_1_628' title='bbox 1944 2203 2001 2234; x_wconf 89' lang='lat' dir='ltr'>pro</span> <span class='ocrx_word' id='word_1_629' title='bbox 2024 2192 2063 2224; x_wconf 84' lang='grc' dir='ltr'>σὺ</span> <span class='ocrx_word' id='word_1_630' title='bbox 2087 2189 2105 2224; x_wconf 84' lang='grc' dir='ltr'>ὁ</span> 
     </span>
    </p>
   </div>
   <div class='ocr_carea' id='block_1_3' title="bbox 443 2305 2107 2342">
    <p class='ocr_par' dir='ltr' id='par_1_7' title="bbox 443 2305 2107 2342">
     <span class='ocr_line' id='line_1_46' title="bbox 443 2305 2107 2342; baseline -0.002 -8"><span class='ocrx_word' id='word_1_631' title='bbox 443 2309 486 2341; x_wconf 90' lang='grc'>15)</span> <span class='ocrx_word' id='word_1_632' title='bbox 503 2310 536 2334; x_wconf 90' lang='lat' dir='ltr'>In</span> <span class='ocrx_word' id='word_1_633' title='bbox 553 2312 704 2334; x_wconf 78' lang='lat' dir='ltr'>transcursu</span> <span class='ocrx_word' id='word_1_634' title='bbox 721 2309 806 2333; x_wconf 82' lang='lat' dir='ltr'>refero</span> <span class='ocrx_word' id='word_1_635' title='bbox 826 2309 859 2334; x_wconf 86' lang='lat' dir='ltr'>ad</span> <span class='ocrx_word' id='word_1_636' title='bbox 878 2310 958 2334; x_wconf 81' lang='lat' dir='ltr'>verba</span> <span class='ocrx_word' id='word_1_637' title='bbox 977 2317 1043 2341; x_wconf 84' lang='lat' dir='ltr'>quae</span> <span class='ocrx_word' id='word_1_638' title='bbox 1062 2310 1140 2341; x_wconf 84' lang='lat' dir='ltr'>paulo</span> <span class='ocrx_word' id='word_1_639' title='bbox 1158 2311 1219 2334; x_wconf 81' lang='lat' dir='ltr'>ante</span> <span class='ocrx_word' id='word_1_640' title='bbox 1246 2309 1381 2340; x_wconf 85' lang='lat' dir='ltr'>leguntur:</span> <span class='ocrx_word' id='word_1_641' title='bbox 1418 2307 1557 2342; x_wconf 75' lang='grc' dir='ltr'><strong><em>φαρμακὶς</em></strong></span> <span class='ocrx_word' id='word_1_642' title='bbox 1581 2306 1633 2341; x_wconf 77' lang='grc' dir='ltr'>γάρ</span> <span class='ocrx_word' id='word_1_643' title='bbox 1662 2308 1714 2332; x_wconf 74' lang='grc' dir='ltr'>ἐστι</span> <span class='ocrx_word' id='word_1_644' title='bbox 1740 2306 1929 2332; x_wconf 82' lang='lat' dir='ltr'>Boissonadum</span> <span class='ocrx_word' id='word_1_645' title='bbox 1958 2306 1985 2330; x_wconf 88' lang='lat' dir='ltr'>in</span> <span class='ocrx_word' id='word_1_646' title='bbox 2007 2305 2107 2331; x_wconf 78' lang='lat' dir='ltr'>Anecd.</span> 
     </span>
    </p>
   </div>
   <div class='ocr_carea' id='block_1_4' title="bbox 319 2340 2107 2404">
    <p class='ocr_par' dir='ltr' id='par_1_8' title="bbox 319 2340 2107 2404">
     <span class='ocr_line' id='line_1_47' title="bbox 319 2340 2107 2404; baseline -0.003 -34"><span class='ocrx_word' id='word_1_647' title='bbox 319 2345 368 2404; x_wconf 68' lang='lat' dir='ltr'>gr.</span> <span class='ocrx_word' id='word_1_648' title='bbox 387 2345 427 2404; x_wconf 60' lang='lat' dir='ltr'>V:t</span> <span class='ocrx_word' id='word_1_649' title='bbox 438 2344 479 2404; x_wconf 52' lang='lat'>{111</span> <span class='ocrx_word' id='word_1_650' title='bbox 499 2352 513 2369; x_wconf 86' lang='lat' dir='ltr'>e</span> <span class='ocrx_word' id='word_1_651' title='bbox 532 2344 622 2369; x_wconf 84' lang='lat' dir='ltr'>codice</span> <span class='ocrx_word' id='word_1_652' title='bbox 642 2342 716 2369; x_wconf 83' lang='lat'>1310.</span> <span class='ocrx_word' id='word_1_653' title='bbox 744 2345 843 2369; x_wconf 79' lang='lat' dir='ltr'>variam</span> <span class='ocrx_word' id='word_1_654' title='bbox 872 2344 1009 2368; x_wconf 82' lang='lat' dir='ltr'>lectionem</span> <span class='ocrx_word' id='word_1_655' title='bbox 1038 2342 1179 2378; x_wconf 77' lang='grc' dir='ltr'><strong><em>φαρμακὸς</em></strong></span> <span class='ocrx_word' id='word_1_656' title='bbox 1196 2345 1326 2368; x_wconf 73' lang='lat' dir='ltr'>&#39;enotasse</span> <span class='ocrx_word' id='word_1_657' title='bbox 1354 2345 1445 2367; x_wconf 78' lang='lat' dir='ltr'>contra</span> <span class='ocrx_word' id='word_1_658' title='bbox 1471 2343 1684 2367; x_wconf 78' lang='lat' dir='ltr'>consuetudinem</span> <span class='ocrx_word' id='word_1_659' title='bbox 1711 2342 1823 2367; x_wconf 76' lang='lat' dir='ltr'>Luciaui</span> <span class='ocrx_word' id='word_1_660' title='bbox 1849 2344 1874 2366; x_wconf 84' lang='lat' dir='ltr'>et</span> <span class='ocrx_word' id='word_1_661' title='bbox 1899 2342 1978 2365; x_wconf 80' lang='lat' dir='ltr'>totius</span> <span class='ocrx_word' id='word_1_662' title='bbox 1996 2340 2107 2366; x_wconf 70' lang='lat' dir='ltr'>fortasse</span> 
     </span>
     <span class='ocr_line' id='line_1_48' title="bbox 346 2387 487 2404; baseline 0 0"><span class='ocrx_word' id='word_1_663' title='bbox 346 2387 415 2404; x_wconf 72' lang='lat' dir='ltr'>raeci</span> <span class='ocrx_word' id='word_1_664' title='bbox 429 2387 444 2404; x_wconf 80' lang='lat' dir='ltr'>a</span> <span class='ocrx_word' id='word_1_665' title='bbox 467 2387 487 2404; x_wconf 88' lang='lat' dir='ltr'>s.</span> 
     </span>
    </p>
   </div>
  </div>
 </body>
</html>
